Region,Country,Item Type,Sales Channel,Order Priority,Order Date,Order ID,Ship Date,Units Sold,Unit Price,Unit Cost,Total Revenue,Total Cost,Total Profit
Europe,Czech Republic,Beverages,Offline,C,9/12/2011,478051030,9/29/2011,4778,47.45,31.79,226716.1,151892.62,74823.48
Europe,Bosnia and Herzegovina,Clothes,Online,M,10/14/2013,919133651,11/4/2013,927,109.28,35.84,101302.56,33223.68,68078.88
Europe,Austria,Cereal,Offline,C,8/13/2014,987410676,9/6/2014,5616,205.7,117.11,1155211.2,657689.76,497521.44
Europe,Bulgaria,Office Supplies,Online,L,10/31/2010,672330081,11/29/2010,6266,651.21,524.96,4080481.86,3289399.36,791082.5
Europe,Estonia,Fruits,Online,L,9/28/2016,579463422,11/1/2016,4958,9.33,6.92,46258.14,34309.36,11948.78
Europe,Montenegro,Fruits,Offline,L,5/29/2016,313705861,7/10/2016,1390,9.33,6.92,12968.7,9618.8,3349.9
Europe,Czech Republic,Cereal,Online,M,7/8/2011,552037513,8/5/2011,9022,205.7,117.11,1855825.4,1056566.42,799258.98
Europe,Luxembourg,Vegetables,Offline,L,2/13/2010,744683635,4/1/2010,7291,154.06,90.93,1123251.46,662970.63,460280.83
Europe,Switzerland,Meat,Online,L,3/21/2014,169378983,4/10/2014,1860,421.89,364.69,784715.4,678323.4,106392
Europe,Finland,Beverages,Online,H,3/16/2012,566428315,3/23/2012,7581,47.45,31.79,359718.45,240999.99,118718.46
Europe,Belgium,Snacks,Online,M,1/12/2015,519380223,1/17/2015,5005,152.58,97.44,763662.9,487687.2,275975.7
Europe,San Marino,Office Supplies,Online,H,4/13/2014,904589211,5/4/2014,6905,651.21,524.96,4496605.05,3624848.8,871756.25
Europe,Bosnia and Herzegovina,Baby Food,Online,C,4/4/2015,184412229,4/7/2015,531,255.28,159.42,135553.68,84652.02,50901.66
Europe,Netherlands,Meat,Offline,M,3/8/2017,747774398,4/3/2017,1916,421.89,364.69,808341.24,698746.04,109595.2
Europe,Russia,Household,Online,M,7/10/2017,194176757,8/20/2017,72,668.27,502.54,48115.44,36182.88,11932.56
Europe,Ukraine,Cosmetics,Online,H,1/22/2011,773645913,1/28/2011,7873,437.2,263.33,3442075.6,2073197.09,1368878.51
Europe,Bosnia and Herzegovina,Meat,Online,H,7/24/2012,410740888,9/1/2012,6211,421.89,364.69,2620358.79,2265089.59,355269.2
Europe,Latvia,Meat,Offline,M,12/15/2011,847317397,12/18/2011,8902,421.89,364.69,3755664.78,3246470.38,509194.4
Europe,Serbia,Beverages,Online,L,9/3/2012,599624192,9/21/2012,978,47.45,31.79,46406.1,31090.62,15315.48
Europe,Portugal,Office Supplies,Online,M,1/21/2014,734318292,3/4/2014,9956,651.21,524.96,6483446.76,5226501.76,1256945
Europe,Poland,Household,Offline,L,7/7/2017,232196319,8/4/2017,905,668.27,502.54,604784.35,454798.7,149985.65
Europe,Liechtenstein,Cosmetics,Online,L,7/15/2012,229693067,7/15/2012,138,437.2,263.33,60333.6,36339.54,23994.06
Europe,United Kingdom,Beverages,Online,C,4/8/2017,121945512,4/12/2017,5242,47.45,31.79,248732.9,166643.18,82089.72
Europe,Slovenia,Fruits,Online,H,10/22/2012,169799983,11/20/2012,6443,9.33,6.92,60113.19,44585.56,15527.63
Europe,Malta,Vegetables,Online,M,3/11/2014,894589078,4/10/2014,7643,154.06,90.93,1177480.58,694977.99,482502.59
Europe,Ukraine,Personal Care,Online,M,7/16/2010,987459170,8/27/2010,9967,81.73,56.67,814602.91,564829.89,249773.02
Europe,Cyprus,Fruits,Offline,M,7/12/2015,600515115,8/30/2015,4622,9.33,6.92,43123.26,31984.24,11139.02
Europe,Poland,Office Supplies,Offline,M,11/27/2015,208365428,12/29/2015,8815,651.21,524.96,5740416.15,4627522.4,1112893.75
Europe,Monaco,Personal Care,Online,L,6/8/2014,263098371,7/4/2014,5509,81.73,56.67,450250.57,312195.03,138055.54
Europe,Estonia,Cosmetics,Online,C,5/23/2011,790149009,5/29/2011,1505,437.2,263.33,657986,396311.65,261674.35
Europe,Norway,Cereal,Online,M,10/8/2014,100640618,10/18/2014,650,205.7,117.11,133705,76121.5,57583.5
Europe,Luxembourg,Snacks,Online,H,2/1/2011,977324712,3/10/2011,955,152.58,97.44,145713.9,93055.2,52658.7
Europe,Luxembourg,Snacks,Online,H,9/7/2010,510956799,9/23/2010,2326,152.58,97.44,354901.08,226645.44,128255.64
Europe,Armenia,Fruits,Online,M,3/23/2011,120977771,5/2/2011,8866,9.33,6.92,82719.78,61352.72,21367.06
Europe,Bulgaria,Snacks,Offline,L,3/11/2017,476991450,3/27/2017,1225,152.58,97.44,186910.5,119364,67546.5
Europe,Denmark,Beverages,Online,H,6/5/2016,973268353,6/26/2016,589,47.45,31.79,27948.05,18724.31,9223.74
Europe,Finland,Vegetables,Offline,L,2/14/2013,771674382,3/21/2013,4453,154.06,90.93,686029.18,404911.29,281117.89
Europe,Kosovo,Fruits,Online,L,5/2/2010,291995418,6/6/2010,6788,9.33,6.92,63332.04,46972.96,16359.08
Europe,Hungary,Baby Food,Online,M,1/25/2011,128686225,3/13/2011,9968,255.28,159.42,2544631.04,1589098.56,955532.48
Europe,Lithuania,Cosmetics,Offline,L,1/6/2012,420875346,2/18/2012,5223,437.2,263.33,2283495.6,1375372.59,908123.01
Europe,Albania,Vegetables,Online,C,10/5/2012,476633536,11/3/2012,5310,154.06,90.93,818058.6,482838.3,335220.3
Europe,Cyprus,Vegetables,Offline,C,7/2/2014,727997720,7/19/2014,9558,154.06,90.93,1472505.48,869108.94,603396.54
Europe,Moldova ,Personal Care,Online,M,3/11/2013,467045819,4/12/2013,8092,81.73,56.67,661359.16,458573.64,202785.52
Europe,Kosovo,Cosmetics,Offline,C,11/1/2012,813973891,11/13/2012,1818,437.2,263.33,794829.6,478733.94,316095.66
Europe,Albania,Cosmetics,Offline,L,9/30/2016,576944720,10/9/2016,9619,437.2,263.33,4205426.8,2532971.27,1672455.53
Europe,Portugal,Baby Food,Online,L,8/3/2015,404789817,9/8/2015,5157,255.28,159.42,1316478.96,822128.94,494350.02
Europe,Bosnia and Herzegovina,Baby Food,Online,C,4/30/2014,871923768,5/30/2014,474,255.28,159.42,121002.72,75565.08,45437.64
Europe,Kosovo,Vegetables,Offline,C,12/18/2012,818976962,12/21/2012,2337,154.06,90.93,360038.22,212503.41,147534.81
Europe,Switzerland,Cosmetics,Online,C,7/20/2017,233811223,7/20/2017,8792,437.2,263.33,3843862.4,2315197.36,1528665.04
Europe,Lithuania,Office Supplies,Offline,C,12/15/2016,112330758,1/11/2017,22,651.21,524.96,14326.62,11549.12,2777.5
Europe,Montenegro,Office Supplies,Offline,H,7/2/2014,256095016,8/21/2014,3061,651.21,524.96,1993353.81,1606902.56,386451.25
Europe,France,Meat,Online,L,11/28/2015,245440852,12/17/2015,257,421.89,364.69,108425.73,93725.33,14700.4
Europe,Spain,Fruits,Online,H,10/22/2011,817006289,11/14/2011,9172,9.33,6.92,85574.76,63470.24,22104.52
Europe,Sweden,Vegetables,Online,H,9/20/2010,298228013,10/25/2010,1151,154.06,90.93,177323.06,104660.43,72662.63
Europe,Latvia,Snacks,Online,C,3/15/2017,972981679,4/9/2017,5755,152.58,97.44,878097.9,560767.2,317330.7
Europe,Norway,Personal Care,Offline,M,6/8/2012,594813811,6/17/2012,7480,81.73,56.67,611340.4,423891.6,187448.8
Europe,Estonia,Clothes,Online,H,9/8/2012,176722657,9/16/2012,5016,109.28,35.84,548148.48,179773.44,368375.04
Europe,Malta,Personal Care,Offline,M,8/16/2011,466988742,8/16/2011,1201,81.73,56.67,98157.73,68060.67,30097.06
Europe,Portugal,Cereal,Online,C,8/11/2015,615080583,9/19/2015,4868,205.7,117.11,1001347.6,570091.48,431256.12
Europe,Macedonia,Cosmetics,Online,C,12/26/2010,350977408,1/22/2011,869,437.2,263.33,379926.8,228833.77,151093.03
Europe,Greece,Personal Care,Offline,M,12/8/2011,701298367,1/6/2012,8626,81.73,56.67,705002.98,488835.42,216167.56
Europe,Italy,Personal Care,Online,C,2/25/2011,309342658,3/28/2011,222,81.73,56.67,18144.06,12580.74,5563.32
Europe,Norway,Household,Offline,M,3/20/2010,384128224,4/26/2010,933,668.27,502.54,623495.91,468869.82,154626.09
Europe,Netherlands,Household,Offline,C,1/17/2014,990774810,2/18/2014,1138,668.27,502.54,760491.26,571890.52,188600.74
Europe,Belgium,Vegetables,Offline,C,12/26/2011,394110763,12/29/2011,4988,154.06,90.93,768451.28,453558.84,314892.44
Europe,Kosovo,Fruits,Online,C,3/2/2012,899868094,3/26/2012,9821,9.33,6.92,91629.93,67961.32,23668.61
Europe,Germany,Baby Food,Offline,L,1/6/2017,361311852,2/15/2017,9061,255.28,159.42,2313092.08,1444504.62,868587.46
Europe,Hungary,Beverages,Online,L,5/20/2014,930136287,6/21/2014,6852,47.45,31.79,325127.4,217825.08,107302.32
Europe,Bulgaria,Cosmetics,Online,C,5/5/2012,179819428,6/2/2012,1420,437.2,263.33,620824,373928.6,246895.4
Europe,Bosnia and Herzegovina,Fruits,Online,H,1/5/2013,291305768,1/6/2013,2705,9.33,6.92,25237.65,18718.6,6519.05
Europe,Russia,Personal Care,Online,L,4/24/2015,602357041,5/5/2015,9689,81.73,56.67,791881.97,549075.63,242806.34
Europe,Albania,Snacks,Online,H,12/2/2010,653087270,12/7/2010,1891,152.58,97.44,288528.78,184259.04,104269.74
Europe,Slovenia,Fruits,Offline,M,12/15/2013,812637078,1/5/2014,6225,9.33,6.92,58079.25,43077,15002.25
Europe,Macedonia,Personal Care,Online,L,7/19/2014,456192958,8/18/2014,6489,81.73,56.67,530345.97,367731.63,162614.34
Europe,Albania,Meat,Offline,H,1/31/2013,986449801,3/13/2013,1272,421.89,364.69,536644.08,463885.68,72758.4
Europe,Sweden,Cosmetics,Online,L,7/3/2017,910610234,7/31/2017,8659,437.2,263.33,3785714.8,2280174.47,1505540.33
Europe,Norway,Meat,Online,M,3/3/2017,696844613,3/22/2017,661,421.89,364.69,278869.29,241060.09,37809.2
Europe,Czech Republic,Personal Care,Online,M,12/4/2010,353415429,12/8/2010,2334,81.73,56.67,190757.82,132267.78,58490.04
Europe,Andorra,Cereal,Online,H,3/19/2010,696197879,3/26/2010,9278,205.7,117.11,1908484.6,1086546.58,821938.02
Europe,Iceland,Cosmetics,Online,C,4/5/2012,907349526,5/16/2012,3743,437.2,263.33,1636439.6,985644.19,650795.41
Europe,Poland,Personal Care,Offline,C,4/5/2014,386440074,4/25/2014,5060,81.73,56.67,413553.8,286750.2,126803.6
Europe,Finland,Vegetables,Online,H,9/28/2012,800352561,10/21/2012,963,154.06,90.93,148359.78,87565.59,60794.19
Europe,Poland,Beverages,Offline,C,1/8/2014,714165675,2/2/2014,6348,47.45,31.79,301212.6,201802.92,99409.68
Europe,Croatia,Beverages,Offline,L,2/22/2013,189924275,3/21/2013,1668,47.45,31.79,79146.6,53025.72,26120.88
Europe,Poland,Meat,Online,H,4/30/2013,546081721,5/22/2013,6571,421.89,364.69,2772239.19,2396377.99,375861.2
Europe,Switzerland,Baby Food,Online,C,6/26/2010,979073941,7/18/2010,8591,255.28,159.42,2193110.48,1369577.22,823533.26
Europe,Bosnia and Herzegovina,Personal Care,Offline,L,2/7/2010,396718728,3/18/2010,6742,81.73,56.67,551023.66,382069.14,168954.52
Europe,Hungary,Beverages,Offline,M,12/3/2010,948075759,1/4/2011,5540,47.45,31.79,262873,176116.6,86756.4
Europe,Sweden,Cereal,Offline,L,10/19/2012,737736070,11/3/2012,1352,205.7,117.11,278106.4,158332.72,119773.68
Europe,Slovakia,Household,Offline,L,2/20/2010,585362994,4/11/2010,773,668.27,502.54,516572.71,388463.42,128109.29
Europe,Czech Republic,Baby Food,Offline,H,7/18/2015,850872075,8/1/2015,810,255.28,159.42,206776.8,129130.2,77646.6
Europe,Bosnia and Herzegovina,Office Supplies,Offline,C,11/8/2012,575583016,11/24/2012,6660,651.21,524.96,4337058.6,3496233.6,840825
Europe,Kosovo,Meat,Offline,H,2/1/2011,515773189,2/17/2011,7603,421.89,364.69,3207629.67,2772738.07,434891.6
Europe,Monaco,Personal Care,Online,H,3/29/2016,351247346,5/8/2016,750,81.73,56.67,61297.5,42502.5,18795
Europe,Portugal,Beverages,Offline,H,1/20/2016,554721438,1/28/2016,3256,47.45,31.79,154497.2,103508.24,50988.96
Europe,Germany,Cereal,Offline,C,2/19/2010,398333632,3/2/2010,4629,205.7,117.11,952185.3,542102.19,410083.11
Europe,Vatican City,Beverages,Online,C,12/27/2015,370484149,1/19/2016,3348,47.45,31.79,158862.6,106432.92,52429.68
Europe,Denmark,Baby Food,Offline,H,9/29/2013,306839406,10/1/2013,9454,255.28,159.42,2413417.12,1507156.68,906260.44
Europe,Estonia,Beverages,Offline,C,2/9/2017,653548610,2/21/2017,8412,47.45,31.79,399149.4,267417.48,131731.92
Europe,Belarus,Vegetables,Online,L,12/31/2012,413078916,1/11/2013,8086,154.06,90.93,1245729.16,735259.98,510469.18
Europe,Italy,Snacks,Online,M,12/14/2010,307721745,1/1/2011,558,152.58,97.44,85139.64,54371.52,30768.12
Europe,Kosovo,Office Supplies,Online,C,11/9/2011,374663245,11/26/2011,35,651.21,524.96,22792.35,18373.6,4418.75
Europe,Ireland,Vegetables,Offline,C,11/16/2010,901670968,12/11/2010,3331,154.06,90.93,513173.86,302887.83,210286.03
Europe,Montenegro,Cosmetics,Offline,L,8/19/2012,353320157,8/22/2012,4141,437.2,263.33,1810445.2,1090449.53,719995.67
Europe,Norway,Cereal,Offline,L,6/20/2013,645701968,7/21/2013,6416,205.7,117.11,1319771.2,751377.76,568393.44
Europe,Poland,Office Supplies,Online,H,9/19/2013,148894631,9/25/2013,85,651.21,524.96,55352.85,44621.6,10731.25
Europe,Sweden,Baby Food,Online,L,4/3/2013,443551385,5/9/2013,5566,255.28,159.42,1420888.48,887331.72,533556.76
Europe,Vatican City,Clothes,Offline,H,3/11/2014,508014523,3/20/2014,1642,109.28,35.84,179437.76,58849.28,120588.48
Europe,Lithuania,Office Supplies,Online,C,7/8/2012,987767302,8/1/2012,1150,651.21,524.96,748891.5,603704,145187.5
Europe,Croatia,Baby Food,Offline,H,9/19/2012,103832662,10/20/2012,5247,255.28,159.42,1339454.16,836476.74,502977.42
Europe,Malta,Personal Care,Online,H,2/19/2014,445708739,2/27/2014,3975,81.73,56.67,324876.75,225263.25,99613.5
Europe,Macedonia,Beverages,Offline,M,7/24/2012,354655683,7/31/2012,9353,47.45,31.79,443799.85,297331.87,146467.98
Europe,Belarus,Office Supplies,Offline,C,6/30/2017,624398362,7/24/2017,2206,651.21,524.96,1436569.26,1158061.76,278507.5
Europe,Liechtenstein,Beverages,Online,C,9/5/2016,264163959,9/22/2016,840,47.45,31.79,39858,26703.6,13154.4
Europe,Russia,Office Supplies,Offline,H,10/16/2011,520915305,11/7/2011,9270,651.21,524.96,6036716.7,4866379.2,1170337.5
Europe,Armenia,Cereal,Online,H,2/5/2013,424181544,3/4/2013,3600,205.7,117.11,740520,421596,318924
Europe,United Kingdom,Office Supplies,Online,H,7/3/2015,560762631,7/16/2015,979,651.21,524.96,637534.59,513935.84,123598.75
Europe,Moldova ,Office Supplies,Offline,L,4/4/2015,458816373,4/16/2015,2815,651.21,524.96,1833156.15,1477762.4,355393.75
Europe,Netherlands,Household,Offline,L,8/18/2013,142987763,9/1/2013,2112,668.27,502.54,1411386.24,1061364.48,350021.76
Europe,Andorra,Snacks,Offline,C,1/23/2010,480904042,2/5/2010,9048,152.58,97.44,1380543.84,881637.12,498906.72
Europe,Armenia,Vegetables,Online,M,12/7/2016,571323239,1/1/2017,6097,154.06,90.93,939303.82,554400.21,384903.61
Europe,Italy,Snacks,Online,H,9/16/2012,281100928,11/3/2012,2866,152.58,97.44,437294.28,279263.04,158031.24
Europe,Croatia,Household,Online,L,4/26/2013,659196269,6/1/2013,9680,668.27,502.54,6468853.6,4864587.2,1604266.4
Europe,Bulgaria,Personal Care,Offline,H,10/24/2012,595496594,11/4/2012,9530,81.73,56.67,778886.9,540065.1,238821.8
Europe,Ireland,Personal Care,Offline,H,5/30/2010,354931628,6/8/2010,1011,81.73,56.67,82629.03,57293.37,25335.66
Europe,Spain,Meat,Offline,C,11/29/2011,436969029,12/17/2011,7701,421.89,364.69,3248974.89,2808477.69,440497.2
Europe,Moldova ,Vegetables,Online,L,3/28/2016,810752236,5/4/2016,8458,154.06,90.93,1303039.48,769085.94,533953.54
Europe,Italy,Office Supplies,Offline,C,7/8/2011,886620128,7/25/2011,9453,651.21,524.96,6155888.13,4962446.88,1193441.25
Europe,Finland,Cereal,Offline,M,4/10/2010,889093768,5/20/2010,1458,205.7,117.11,299910.6,170746.38,129164.22
Europe,Poland,Cereal,Online,C,8/6/2011,454550588,9/6/2011,475,205.7,117.11,97707.5,55627.25,42080.25
Europe,Austria,Office Supplies,Online,L,2/18/2017,926064479,3/10/2017,1913,651.21,524.96,1245764.73,1004248.48,241516.25
Europe,Andorra,Fruits,Offline,C,6/29/2016,413245427,7/2/2016,7360,9.33,6.92,68668.8,50931.2,17737.6
Europe,Finland,Beverages,Online,H,9/18/2011,884147775,10/19/2011,7829,47.45,31.79,371486.05,248883.91,122602.14
Europe,Andorra,Cosmetics,Online,C,6/30/2012,328322827,7/19/2012,6876,437.2,263.33,3006187.2,1810657.08,1195530.12
Europe,Germany,Snacks,Online,H,3/22/2014,158673751,5/10/2014,3944,152.58,97.44,601775.52,384303.36,217472.16
Europe,Italy,Snacks,Offline,L,1/7/2014,464911210,2/10/2014,6413,152.58,97.44,978495.54,624882.72,353612.82
Europe,Serbia,Beverages,Online,C,10/12/2010,395562589,12/1/2010,4615,47.45,31.79,218981.75,146710.85,72270.9
Europe,Italy,Baby Food,Offline,H,3/1/2012,459372985,3/22/2012,7529,255.28,159.42,1922003.12,1200273.18,721729.94
Europe,Armenia,Meat,Online,L,6/25/2012,693210542,8/13/2012,5259,421.89,364.69,2218719.51,1917904.71,300814.8
Europe,Sweden,Fruits,Offline,L,8/22/2011,153974950,9/20/2011,3464,9.33,6.92,32319.12,23970.88,8348.24
Europe,Romania,Snacks,Online,H,8/18/2014,747327220,9/15/2014,9587,152.58,97.44,1462784.46,934157.28,528627.18
Europe,Bosnia and Herzegovina,Clothes,Online,M,10/10/2011,166810500,11/21/2011,1789,109.28,35.84,195501.92,64117.76,131384.16
Europe,Lithuania,Personal Care,Offline,M,3/31/2013,386009633,4/5/2013,7683,81.73,56.67,627931.59,435395.61,192535.98
Europe,Germany,Personal Care,Offline,H,2/8/2016,993368613,2/16/2016,8702,81.73,56.67,711214.46,493142.34,218072.12
Europe,Germany,Baby Food,Online,L,12/9/2014,405986297,1/2/2015,9222,255.28,159.42,2354192.16,1470171.24,884020.92
Europe,Bulgaria,Beverages,Online,H,2/4/2016,476794040,3/7/2016,2807,47.45,31.79,133192.15,89234.53,43957.62
Europe,Serbia,Meat,Offline,C,12/21/2011,380610454,12/29/2011,9946,421.89,364.69,4196117.94,3627206.74,568911.2
Europe,France,Vegetables,Offline,L,2/1/2012,455040681,2/2/2012,5504,154.06,90.93,847946.24,500478.72,347467.52
Europe,Iceland,Clothes,Online,M,9/10/2013,917792117,10/7/2013,3938,109.28,35.84,430344.64,141137.92,289206.72
Europe,Albania,Cosmetics,Offline,L,6/27/2011,728793370,8/12/2011,5009,437.2,263.33,2189934.8,1319019.97,870914.83
Europe,Austria,Fruits,Offline,M,4/20/2011,185960614,5/28/2011,8733,9.33,6.92,81478.89,60432.36,21046.53
Europe,Finland,Office Supplies,Offline,H,11/29/2011,445273578,1/9/2012,5201,651.21,524.96,3386943.21,2730316.96,656626.25
Europe,Georgia,Baby Food,Online,L,1/26/2014,359197413,3/8/2014,3352,255.28,159.42,855698.56,534375.84,321322.72
Europe,Romania,Personal Care,Offline,L,5/14/2013,853036296,6/1/2013,1251,81.73,56.67,102244.23,70894.17,31350.06
Europe,Switzerland,Fruits,Offline,M,3/21/2012,567412793,3/27/2012,8910,9.33,6.92,83130.3,61657.2,21473.1
Europe,Ireland,Cosmetics,Offline,H,8/27/2016,139201343,9/6/2016,1625,437.2,263.33,710450,427911.25,282538.75
Europe,Ukraine,Cosmetics,Online,C,6/9/2014,183910119,6/11/2014,1946,437.2,263.33,850791.2,512440.18,338351.02
Europe,Luxembourg,Clothes,Online,H,11/7/2013,922363460,11/23/2013,6700,109.28,35.84,732176,240128,492048
Europe,Austria,Beverages,Offline,C,4/2/2012,192922341,5/1/2012,8863,47.45,31.79,420549.35,281754.77,138794.58
Europe,Monaco,Cereal,Online,L,6/3/2017,792178905,7/21/2017,2197,205.7,117.11,451922.9,257290.67,194632.23
Europe,Serbia,Beverages,Online,M,12/20/2011,424297845,1/8/2012,8016,47.45,31.79,380359.2,254828.64,125530.56
Europe,Ireland,Baby Food,Online,H,5/23/2017,243684327,5/30/2017,462,255.28,159.42,117939.36,73652.04,44287.32
Europe,San Marino,Clothes,Offline,M,5/7/2012,152505099,5/19/2012,8503,109.28,35.84,929207.84,304747.52,624460.32
Europe,Georgia,Baby Food,Online,L,6/24/2015,203036630,7/28/2015,1905,255.28,159.42,486308.4,303695.1,182613.3
Europe,Ukraine,Snacks,Offline,C,1/25/2016,611791121,3/3/2016,1443,152.58,97.44,220172.94,140605.92,79567.02
Europe,San Marino,Cereal,Offline,C,7/22/2012,554554927,8/6/2012,3981,205.7,117.11,818891.7,466214.91,352676.79
Europe,Bosnia and Herzegovina,Office Supplies,Offline,H,7/11/2012,434275662,8/13/2012,674,651.21,524.96,438915.54,353823.04,85092.5
Europe,Germany,Personal Care,Offline,H,7/27/2014,835093390,7/29/2014,1547,81.73,56.67,126436.31,87668.49,38767.82
Europe,Croatia,Beverages,Online,M,2/6/2017,976323497,2/10/2017,4674,47.45,31.79,221781.3,148586.46,73194.84
Europe,Lithuania,Beverages,Online,H,1/9/2014,732703387,1/28/2014,2069,47.45,31.79,98174.05,65773.51,32400.54
Europe,Slovenia,Household,Online,C,9/10/2014,873432672,9/17/2014,6992,668.27,502.54,4672543.84,3513759.68,1158784.16
Europe,Serbia,Clothes,Online,C,6/25/2011,523580348,8/4/2011,7915,109.28,35.84,864951.2,283673.6,581277.6
Europe,Greece,Personal Care,Online,M,4/16/2017,800045716,5/14/2017,161,81.73,56.67,13158.53,9123.87,4034.66
Europe,Malta,Vegetables,Online,M,5/10/2016,743769109,5/11/2016,6662,154.06,90.93,1026347.72,605775.66,420572.06
Europe,San Marino,Snacks,Offline,L,1/9/2013,201294267,2/9/2013,6302,152.58,97.44,961559.16,614066.88,347492.28
Europe,Portugal,Meat,Online,L,2/11/2013,668280589,3/28/2013,7932,421.89,364.69,3346431.48,2892721.08,453710.4
Europe,Albania,Household,Online,C,7/14/2017,380379998,7/16/2017,1749,668.27,502.54,1168804.23,878942.46,289861.77
Europe,Netherlands,Clothes,Online,H,1/16/2016,767490565,2/23/2016,6368,109.28,35.84,695895.04,228229.12,467665.92
Europe,Iceland,Snacks,Offline,L,10/30/2012,720931279,11/18/2012,8441,152.58,97.44,1287927.78,822491.04,465436.74
Europe,United Kingdom,Snacks,Online,L,7/13/2013,138025033,8/3/2013,3529,152.58,97.44,538454.82,343865.76,194589.06
Europe,Andorra,Meat,Offline,H,8/16/2016,552931869,9/9/2016,3682,421.89,364.69,1553398.98,1342788.58,210610.4
Europe,Liechtenstein,Fruits,Online,L,2/8/2014,142375361,2/19/2014,888,9.33,6.92,8285.04,6144.96,2140.08
Europe,Belgium,Cosmetics,Offline,C,6/27/2014,916089236,7/28/2014,17,437.2,263.33,7432.4,4476.61,2955.79
Europe,Luxembourg,Fruits,Offline,L,12/6/2011,242265546,1/7/2012,614,9.33,6.92,5728.62,4248.88,1479.74
Europe,Malta,Cosmetics,Online,M,1/12/2015,265914475,2/21/2015,8857,437.2,263.33,3872280.4,2332313.81,1539966.59
Europe,Slovakia,Snacks,Online,L,7/26/2015,637040793,8/4/2015,3382,152.58,97.44,516025.56,329542.08,186483.48
Europe,Andorra,Personal Care,Offline,L,12/12/2014,754541289,12/19/2014,4390,81.73,56.67,358794.7,248781.3,110013.4
Europe,Serbia,Vegetables,Offline,L,3/16/2015,697638976,3/26/2015,5731,154.06,90.93,882917.86,521119.83,361798.03
Europe,Czech Republic,Baby Food,Online,C,3/10/2016,467312324,4/8/2016,6956,255.28,159.42,1775727.68,1108925.52,666802.16
Europe,Slovenia,Clothes,Online,L,5/26/2012,622441852,5/28/2012,3231,109.28,35.84,353083.68,115799.04,237284.64
Europe,Bulgaria,Meat,Online,C,7/27/2016,349212729,9/11/2016,8662,421.89,364.69,3654411.18,3158944.78,495466.4
Europe,Hungary,Cosmetics,Online,H,10/6/2010,332353007,11/22/2010,9495,437.2,263.33,4151214,2500318.35,1650895.65
Europe,Slovakia,Meat,Offline,H,8/8/2013,876856458,8/29/2013,166,421.89,364.69,70033.74,60538.54,9495.2
Europe,Bulgaria,Beverages,Offline,C,10/19/2013,313178002,12/6/2013,5185,47.45,31.79,246028.25,164831.15,81197.1
Europe,Kosovo,Personal Care,Online,L,2/17/2016,461445796,3/22/2016,920,81.73,56.67,75191.6,52136.4,23055.2
Europe,Spain,Cosmetics,Offline,C,1/3/2017,391026866,1/8/2017,2394,437.2,263.33,1046656.8,630412.02,416244.78
Europe,Germany,Vegetables,Offline,C,8/7/2015,204418504,9/3/2015,833,154.06,90.93,128331.98,75744.69,52587.29
Europe,Romania,Meat,Offline,L,12/22/2012,524972951,1/17/2013,17,421.89,364.69,7172.13,6199.73,972.4
Europe,Latvia,Beverages,Online,C,11/27/2013,469197165,12/11/2013,4723,47.45,31.79,224106.35,150144.17,73962.18
Europe,Sweden,Household,Offline,H,6/23/2010,688650786,8/7/2010,5926,668.27,502.54,3960168.02,2978052.04,982115.98
Europe,Macedonia,Office Supplies,Online,M,6/17/2016,823236739,8/1/2016,2900,651.21,524.96,1888509,1522384,366125
Europe,Armenia,Fruits,Offline,L,3/17/2015,439725911,4/7/2015,3524,9.33,6.92,32878.92,24386.08,8492.84
Europe,Cyprus,Snacks,Online,H,10/1/2012,255047452,10/30/2012,3064,152.58,97.44,467505.12,298556.16,168948.96
Europe,Malta,Meat,Offline,C,6/26/2014,662623488,7/11/2014,3870,421.89,364.69,1632714.3,1411350.3,221364
Europe,San Marino,Vegetables,Offline,M,1/22/2016,560389268,2/22/2016,492,154.06,90.93,75797.52,44737.56,31059.96
Europe,France,Office Supplies,Offline,C,7/12/2011,867138278,8/4/2011,4341,651.21,524.96,2826902.61,2278851.36,548051.25
Europe,Montenegro,Household,Online,H,12/25/2014,525321424,12/31/2014,3138,668.27,502.54,2097031.26,1576970.52,520060.74
Europe,Cyprus,Clothes,Online,H,6/10/2014,497554337,7/28/2014,6240,109.28,35.84,681907.2,223641.6,458265.6
Europe,Vatican City,Personal Care,Offline,M,4/15/2016,626322257,5/5/2016,1529,81.73,56.67,124965.17,86648.43,38316.74
Europe,Netherlands,Baby Food,Offline,C,1/21/2011,611766231,2/26/2011,4077,255.28,159.42,1040776.56,649955.34,390821.22
Europe,Montenegro,Baby Food,Offline,H,3/3/2013,630931794,4/1/2013,5593,255.28,159.42,1427781.04,891636.06,536144.98
Europe,San Marino,Office Supplies,Offline,L,3/4/2017,239386355,4/20/2017,8597,651.21,524.96,5598452.37,4513081.12,1085371.25
Europe,Germany,Household,Offline,M,8/21/2016,874172532,10/2/2016,5933,668.27,502.54,3964845.91,2981569.82,983276.09
Europe,Iceland,Personal Care,Offline,C,9/19/2010,570703542,11/3/2010,2715,81.73,56.67,221896.95,153859.05,68037.9
Europe,Hungary,Cosmetics,Online,M,9/20/2012,132603538,11/6/2012,9188,437.2,263.33,4016993.6,2419476.04,1597517.56
Europe,Czech Republic,Meat,Offline,L,8/6/2011,552276551,9/24/2011,9759,421.89,364.69,4117224.51,3559009.71,558214.8
Europe,Macedonia,Snacks,Offline,M,3/22/2016,163587558,4/19/2016,8048,152.58,97.44,1227963.84,784197.12,443766.72
Europe,Andorra,Baby Food,Offline,M,1/10/2012,415837943,2/23/2012,4543,255.28,159.42,1159737.04,724245.06,435491.98
Europe,Hungary,Baby Food,Offline,H,5/17/2014,398645198,5/26/2014,6828,255.28,159.42,1743051.84,1088519.76,654532.08
Europe,Latvia,Personal Care,Offline,H,11/2/2013,913074433,12/17/2013,7870,81.73,56.67,643215.1,445992.9,197222.2
Europe,Andorra,Fruits,Offline,H,5/27/2014,889125955,6/15/2014,983,9.33,6.92,9171.39,6802.36,2369.03
Europe,Austria,Fruits,Offline,H,8/6/2011,263427960,9/20/2011,3042,9.33,6.92,28381.86,21050.64,7331.22
Europe,Liechtenstein,Meat,Online,H,7/12/2010,730490243,7/14/2010,7151,421.89,364.69,3016935.39,2607898.19,409037.2
Europe,Poland,Cereal,Online,L,11/1/2016,905036389,11/20/2016,9234,205.7,117.11,1899433.8,1081393.74,818040.06
Europe,Montenegro,Clothes,Online,C,3/4/2012,381759297,3/25/2012,9914,109.28,35.84,1083401.92,355317.76,728084.16
Europe,Belarus,Cosmetics,Offline,M,9/2/2011,613166129,10/21/2011,8338,437.2,263.33,3645373.6,2195645.54,1449728.06
Europe,Ukraine,Office Supplies,Offline,M,5/3/2017,181260526,6/3/2017,7872,651.21,524.96,5126325.12,4132485.12,993840
Europe,Georgia,Snacks,Online,C,9/1/2013,264959609,10/18/2013,6291,152.58,97.44,959880.78,612995.04,346885.74
Europe,Malta,Fruits,Online,L,7/31/2010,475176560,9/4/2010,4159,9.33,6.92,38803.47,28780.28,10023.19
Europe,Armenia,Baby Food,Offline,H,1/23/2012,194922626,2/7/2012,791,255.28,159.42,201926.48,126101.22,75825.26
Europe,France,Snacks,Offline,M,7/3/2016,447684133,8/14/2016,8538,152.58,97.44,1302728.04,831942.72,470785.32
Europe,Liechtenstein,Personal Care,Online,H,1/4/2012,527259910,1/11/2012,6779,81.73,56.67,554047.67,384165.93,169881.74
Europe,Hungary,Baby Food,Online,M,8/10/2014,879923617,9/15/2014,7807,255.28,159.42,1992970.96,1244591.94,748379.02
Europe,Portugal,Snacks,Offline,H,3/9/2014,279816472,4/14/2014,2767,152.58,97.44,422188.86,269616.48,152572.38
Europe,Cyprus,Snacks,Online,M,11/5/2012,593018233,12/11/2012,6128,152.58,97.44,935010.24,597112.32,337897.92
Europe,Macedonia,Baby Food,Online,H,9/16/2016,349060380,9/28/2016,3578,255.28,159.42,913391.84,570404.76,342987.08
Europe,Latvia,Household,Offline,C,12/18/2010,863890445,12/25/2010,3235,668.27,502.54,2161853.45,1625716.9,536136.55
Europe,Armenia,Personal Care,Online,C,1/16/2010,667420995,1/18/2010,3559,81.73,56.67,290877.07,201688.53,89188.54
Europe,Montenegro,Vegetables,Offline,H,4/10/2011,842687690,5/26/2011,8869,154.06,90.93,1366358.14,806458.17,559899.97
Europe,San Marino,Beverages,Offline,L,1/2/2012,772893178,1/2/2012,5122,47.45,31.79,243038.9,162828.38,80210.52
Europe,Czech Republic,Snacks,Online,M,7/5/2011,789484250,7/30/2011,4789,152.58,97.44,730705.62,466640.16,264065.46
Europe,Vatican City,Personal Care,Offline,M,5/24/2012,336111962,6/16/2012,1854,81.73,56.67,151527.42,105066.18,46461.24
Europe,San Marino,Household,Offline,H,12/9/2015,821131742,12/9/2015,9985,668.27,502.54,6672675.95,5017861.9,1654814.05
Europe,Liechtenstein,Household,Online,M,4/27/2014,679108560,6/11/2014,2169,668.27,502.54,1449477.63,1090009.26,359468.37
Europe,Lithuania,Personal Care,Offline,L,4/19/2011,129875409,4/26/2011,1875,81.73,56.67,153243.75,106256.25,46987.5
Europe,Ireland,Fruits,Offline,H,3/12/2015,155914723,3/29/2015,7486,9.33,6.92,69844.38,51803.12,18041.26
Europe,Spain,Fruits,Online,H,10/9/2011,753166282,11/25/2011,7495,9.33,6.92,69928.35,51865.4,18062.95
Europe,Andorra,Cereal,Offline,M,3/20/2015,443347108,4/9/2015,5116,205.7,117.11,1052361.2,599134.76,453226.44
Europe,Iceland,Office Supplies,Online,C,6/19/2013,527509677,7/10/2013,691,651.21,524.96,449986.11,362747.36,87238.75
Europe,Ireland,Beverages,Offline,H,9/20/2016,416953313,10/29/2016,4606,47.45,31.79,218554.7,146424.74,72129.96
Europe,Bosnia and Herzegovina,Cereal,Online,C,3/30/2011,639126908,5/10/2011,710,205.7,117.11,146047,83148.1,62898.9
Europe,Belarus,Beverages,Online,L,6/3/2014,879405200,7/20/2014,4396,47.45,31.79,208590.2,139748.84,68841.36
Europe,Slovenia,Beverages,Offline,H,3/17/2010,844105184,4/20/2010,8337,47.45,31.79,395590.65,265033.23,130557.42
Europe,Netherlands,Fruits,Offline,C,9/20/2013,127838218,10/29/2013,9024,9.33,6.92,84193.92,62446.08,21747.84
Europe,Belgium,Snacks,Online,M,11/22/2010,881717050,12/23/2010,8524,152.58,97.44,1300591.92,830578.56,470013.36
Europe,Macedonia,Household,Offline,L,10/13/2015,905509746,10/20/2015,9311,668.27,502.54,6222261.97,4679149.94,1543112.03
Europe,Liechtenstein,Baby Food,Online,H,6/22/2012,720878922,8/1/2012,2948,255.28,159.42,752565.44,469970.16,282595.28
Europe,Italy,Personal Care,Offline,L,11/14/2012,306256616,11/18/2012,6993,81.73,56.67,571537.89,396293.31,175244.58
Europe,Spain,Cereal,Offline,M,1/4/2015,392252957,2/22/2015,5222,205.7,117.11,1074165.4,611548.42,462616.98
Europe,Norway,Cosmetics,Offline,C,3/14/2014,746563756,4/12/2014,3661,437.2,263.33,1600589.2,964051.13,636538.07
Europe,Bulgaria,Household,Online,C,3/21/2014,129902875,4/24/2014,2,668.27,502.54,1336.54,1005.08,331.46
Europe,San Marino,Beverages,Offline,M,5/10/2014,595395314,5/30/2014,9559,47.45,31.79,453574.55,303880.61,149693.94
Europe,Denmark,Fruits,Online,L,3/4/2011,272425591,3/21/2011,5641,9.33,6.92,52630.53,39035.72,13594.81
Europe,Germany,Baby Food,Offline,H,11/27/2013,596166074,1/13/2014,7644,255.28,159.42,1951360.32,1218606.48,732753.84
Europe,Netherlands,Beverages,Offline,C,10/18/2012,906345736,11/21/2012,6699,47.45,31.79,317867.55,212961.21,104906.34
Europe,Germany,Cosmetics,Offline,M,2/26/2012,385340154,3/18/2012,9569,437.2,263.33,4183566.8,2519804.77,1663762.03
Europe,Sweden,Cosmetics,Offline,H,6/3/2012,679039466,7/5/2012,1723,437.2,263.33,753295.6,453717.59,299578.01
Europe,San Marino,Baby Food,Offline,L,2/15/2011,587799727,3/27/2011,1856,255.28,159.42,473799.68,295883.52,177916.16
Europe,Georgia,Snacks,Offline,L,1/22/2017,341398274,3/7/2017,6191,152.58,97.44,944622.78,603251.04,341371.74
Europe,Greece,Fruits,Offline,H,6/14/2015,516994559,6/20/2015,9034,9.33,6.92,84287.22,62515.28,21771.94
Europe,Slovenia,Office Supplies,Online,H,4/9/2010,483981502,5/4/2010,9736,651.21,524.96,6340180.56,5111010.56,1229170
Europe,Slovakia,Cosmetics,Online,H,5/30/2015,549187934,7/17/2015,5769,437.2,263.33,2522206.8,1519150.77,1003056.03
Europe,Macedonia,Clothes,Online,M,4/22/2015,989403665,5/25/2015,5386,109.28,35.84,588582.08,193034.24,395547.84
Europe,Lithuania,Household,Online,H,1/25/2012,516635358,2/26/2012,2738,668.27,502.54,1829723.26,1375954.52,453768.74
Europe,Belarus,Clothes,Offline,M,6/8/2015,173122918,7/25/2015,9773,109.28,35.84,1067993.44,350264.32,717729.12
Europe,Ireland,Beverages,Online,C,7/14/2014,357482516,7/28/2014,5875,47.45,31.79,278768.75,186766.25,92002.5
Europe,Slovenia,Fruits,Online,L,1/18/2010,756252324,2/9/2010,723,9.33,6.92,6745.59,5003.16,1742.43
Europe,Monaco,Clothes,Offline,H,11/16/2016,926763570,11/25/2016,8790,109.28,35.84,960571.2,315033.6,645537.6
Europe,Croatia,Household,Online,M,10/28/2013,107651269,11/11/2013,5258,668.27,502.54,3513763.66,2642355.32,871408.34
Europe,Andorra,Beverages,Online,H,8/19/2010,425547969,9/11/2010,7955,47.45,31.79,377464.75,252889.45,124575.3
Europe,Estonia,Clothes,Offline,L,1/24/2016,264928710,1/27/2016,7147,109.28,35.84,781024.16,256148.48,524875.68
Europe,Andorra,Beverages,Offline,L,1/13/2010,861180341,2/20/2010,1255,47.45,31.79,59549.75,39896.45,19653.3
Europe,Ireland,Beverages,Offline,M,6/10/2011,580569350,7/3/2011,2227,47.45,31.79,105671.15,70796.33,34874.82
Europe,Serbia,Vegetables,Offline,M,2/25/2013,559417665,2/28/2013,2973,154.06,90.93,458020.38,270334.89,187685.49
Europe,Liechtenstein,Household,Online,C,8/21/2015,184976994,9/21/2015,7658,668.27,502.54,5117611.66,3848451.32,1269160.34
Europe,Cyprus,Beverages,Online,M,12/8/2013,874349772,1/4/2014,8383,47.45,31.79,397773.35,266495.57,131277.78
Europe,Andorra,Household,Online,H,11/15/2016,713009965,12/16/2016,4348,668.27,502.54,2905637.96,2185043.92,720594.04
Europe,Andorra,Baby Food,Online,M,10/24/2016,569941365,11/26/2016,7170,255.28,159.42,1830357.6,1143041.4,687316.2
Europe,Malta,Household,Online,H,9/9/2010,845067346,9/13/2010,3062,668.27,502.54,2046242.74,1538777.48,507465.26
Europe,Czech Republic,Fruits,Offline,M,11/24/2014,774926936,11/27/2014,6956,9.33,6.92,64899.48,48135.52,16763.96
Europe,Hungary,Baby Food,Online,H,5/6/2011,217920958,6/25/2011,6509,255.28,159.42,1661617.52,1037664.78,623952.74
Europe,Lithuania,Clothes,Online,C,2/6/2013,523836123,3/22/2013,3605,109.28,35.84,393954.4,129203.2,264751.2
Europe,Ukraine,Vegetables,Online,C,11/6/2011,446019017,11/25/2011,5794,154.06,90.93,892623.64,526848.42,365775.22
Europe,Luxembourg,Clothes,Online,H,5/14/2011,475992381,5/26/2011,5578,109.28,35.84,609563.84,199915.52,409648.32
Europe,Serbia,Office Supplies,Offline,C,3/1/2017,410514724,4/10/2017,9284,651.21,524.96,6045833.64,4873728.64,1172105
Europe,Germany,Personal Care,Offline,C,3/14/2010,938209950,3/16/2010,6028,81.73,56.67,492668.44,341606.76,151061.68
Europe,Ukraine,Clothes,Offline,H,9/27/2016,747955071,10/25/2016,5382,109.28,35.84,588144.96,192890.88,395254.08
Europe,Andorra,Clothes,Offline,L,5/14/2017,923160398,6/15/2017,2531,109.28,35.84,276587.68,90711.04,185876.64
Europe,Monaco,Office Supplies,Online,H,10/20/2012,754227149,11/24/2012,1429,651.21,524.96,930579.09,750167.84,180411.25
Europe,Norway,Baby Food,Offline,L,2/24/2013,357943856,3/17/2013,2396,255.28,159.42,611650.88,381970.32,229680.56
Europe,Ireland,Cosmetics,Online,M,1/28/2011,815917098,2/13/2011,6856,437.2,263.33,2997443.2,1805390.48,1192052.72
Europe,Monaco,Clothes,Offline,L,1/2/2011,626011979,1/11/2011,9711,109.28,35.84,1061218.08,348042.24,713175.84
Europe,Bosnia and Herzegovina,Baby Food,Online,M,4/1/2015,640295922,4/3/2015,6647,255.28,159.42,1696846.16,1059664.74,637181.42
Europe,Romania,Snacks,Online,C,1/11/2010,653920686,1/18/2010,8517,152.58,97.44,1299523.86,829896.48,469627.38
Europe,Sweden,Fruits,Online,M,1/10/2017,994504153,1/13/2017,4734,9.33,6.92,44168.22,32759.28,11408.94
Europe,Czech Republic,Meat,Offline,M,5/9/2017,920011270,6/12/2017,634,421.89,364.69,267478.26,231213.46,36264.8
Europe,Bosnia and Herzegovina,Vegetables,Online,M,11/25/2013,523707807,12/16/2013,5633,154.06,90.93,867819.98,512208.69,355611.29
Europe,Belgium,Fruits,Online,L,10/17/2013,791692674,11/24/2013,8310,9.33,6.92,77532.3,57505.2,20027.1
Europe,Sweden,Vegetables,Online,C,1/7/2012,715863835,1/26/2012,8872,154.06,90.93,1366820.32,806730.96,560089.36
Europe,Albania,Cosmetics,Offline,C,8/23/2010,694914710,9/25/2010,9560,437.2,263.33,4179632,2517434.8,1662197.2
Europe,Macedonia,Baby Food,Online,M,11/21/2015,525472486,11/23/2015,7840,255.28,159.42,2001395.2,1249852.8,751542.4
Europe,Georgia,Fruits,Online,L,10/28/2012,496826493,12/11/2012,855,9.33,6.92,7977.15,5916.6,2060.55
Europe,Liechtenstein,Cereal,Online,L,1/1/2010,940682303,2/9/2010,7652,205.7,117.11,1574016.4,896125.72,677890.68
Europe,Norway,Fruits,Offline,C,10/6/2014,381774747,10/23/2014,4486,9.33,6.92,41854.38,31043.12,10811.26
Europe,Ireland,Vegetables,Online,H,12/2/2015,934718358,12/16/2015,2789,154.06,90.93,429673.34,253603.77,176069.57
Europe,Romania,Meat,Offline,C,3/23/2012,741690289,5/10/2012,1494,421.89,364.69,630303.66,544846.86,85456.8
Europe,Serbia,Clothes,Offline,L,1/12/2010,393842971,1/31/2010,5742,109.28,35.84,627485.76,205793.28,421692.48
Europe,Ireland,Household,Offline,H,5/21/2012,143414771,6/3/2012,8473,668.27,502.54,5662251.71,4258021.42,1404230.29
Europe,Portugal,Snacks,Offline,C,6/26/2010,272361218,7/3/2010,6592,152.58,97.44,1005807.36,642324.48,363482.88
Europe,Lithuania,Vegetables,Online,M,5/1/2017,146349751,6/13/2017,6999,154.06,90.93,1078265.94,636419.07,441846.87
Europe,Georgia,Meat,Offline,C,2/22/2017,104190576,3/12/2017,1162,421.89,364.69,490236.18,423769.78,66466.4
Europe,Poland,Cereal,Online,C,11/6/2013,332268464,12/14/2013,4477,205.7,117.11,920918.9,524301.47,396617.43
Europe,Spain,Meat,Online,M,11/15/2013,459277713,12/4/2013,9336,421.89,364.69,3938765.04,3404745.84,534019.2
Europe,Romania,Fruits,Offline,L,7/24/2010,665786778,8/15/2010,9958,9.33,6.92,92908.14,68909.36,23998.78
Europe,Latvia,Baby Food,Online,L,9/1/2010,917485272,10/3/2010,3136,255.28,159.42,800558.08,499941.12,300616.96
Europe,Ireland,Personal Care,Offline,L,4/28/2012,547225844,5/30/2012,5143,81.73,56.67,420337.39,291453.81,128883.58
Europe,Switzerland,Household,Offline,L,7/19/2015,869291770,8/21/2015,1607,668.27,502.54,1073909.89,807581.78,266328.11
Europe,Romania,Clothes,Offline,L,1/12/2017,709276759,3/1/2017,9610,109.28,35.84,1050180.8,344422.4,705758.4
Europe,Albania,Beverages,Online,C,10/9/2012,877062451,10/29/2012,1124,47.45,31.79,53333.8,35731.96,17601.84
Europe,Slovenia,Baby Food,Online,L,10/28/2016,111893022,12/2/2016,486,255.28,159.42,124066.08,77478.12,46587.96
Europe,Slovakia,Beverages,Online,M,10/29/2014,397874438,12/1/2014,8743,47.45,31.79,414855.35,277939.97,136915.38
Europe,Bulgaria,Clothes,Offline,C,3/2/2010,520777547,4/15/2010,8504,109.28,35.84,929317.12,304783.36,624533.76
Europe,Vatican City,Household,Online,C,6/27/2014,672856652,8/3/2014,2091,668.27,502.54,1397352.57,1050811.14,346541.43
Europe,Kosovo,Office Supplies,Online,L,5/15/2014,353383243,6/9/2014,2809,651.21,524.96,1829248.89,1474612.64,354636.25
Europe,Croatia,Office Supplies,Offline,L,11/21/2012,354667699,12/29/2012,2908,651.21,524.96,1893718.68,1526583.68,367135
Europe,Switzerland,Snacks,Online,L,3/20/2012,214292466,4/13/2012,2758,152.58,97.44,420815.64,268739.52,152076.12
Europe,Portugal,Household,Offline,H,2/18/2015,655287110,2/22/2015,2873,668.27,502.54,1919939.71,1443797.42,476142.29
Europe,Liechtenstein,Baby Food,Online,H,1/18/2015,295787847,2/16/2015,9052,255.28,159.42,2310794.56,1443069.84,867724.72
Europe,Kosovo,Baby Food,Offline,L,6/10/2012,263852393,6/29/2012,8641,255.28,159.42,2205874.48,1377548.22,828326.26
Europe,Russia,Fruits,Offline,H,3/24/2013,578666484,4/11/2013,9127,9.33,6.92,85154.91,63158.84,21996.07
Europe,Denmark,Personal Care,Offline,C,6/18/2014,597839343,7/26/2014,2802,81.73,56.67,229007.46,158789.34,70218.12
Europe,Romania,Cosmetics,Offline,M,12/12/2011,299335229,12/24/2011,8801,437.2,263.33,3847797.2,2317567.33,1530229.87
Europe,Vatican City,Vegetables,Offline,L,1/10/2016,700069701,1/21/2016,5037,154.06,90.93,776000.22,458014.41,317985.81
Europe,Ukraine,Household,Online,H,7/28/2010,741866242,9/13/2010,3562,668.27,502.54,2380377.74,1790047.48,590330.26
Europe,Bulgaria,Snacks,Offline,L,3/1/2010,211344611,3/23/2010,422,152.58,97.44,64388.76,41119.68,23269.08
Europe,San Marino,Personal Care,Offline,H,9/29/2015,625751483,10/1/2015,2624,81.73,56.67,214459.52,148702.08,65757.44
Europe,Serbia,Fruits,Online,C,9/26/2015,665817677,10/10/2015,9102,9.33,6.92,84921.66,62985.84,21935.82
Europe,Russia,Baby Food,Offline,L,9/20/2010,996754205,9/22/2010,574,255.28,159.42,146530.72,91507.08,55023.64
Europe,Germany,Cereal,Online,H,11/10/2014,734189975,11/29/2014,1984,205.7,117.11,408108.8,232346.24,175762.56
Europe,Belarus,Beverages,Online,L,10/3/2010,935789954,11/18/2010,9898,47.45,31.79,469660.1,314657.42,155002.68
Europe,Germany,Cereal,Online,M,1/23/2011,104008615,2/22/2011,7315,205.7,117.11,1504695.5,856659.65,648035.85
Europe,Belarus,Beverages,Online,H,3/24/2017,122967326,4/25/2017,7619,47.45,31.79,361521.55,242208.01,119313.54
Europe,Montenegro,Cereal,Offline,M,6/6/2010,305616748,7/1/2010,7642,205.7,117.11,1571959.4,894954.62,677004.78
Europe,Malta,Office Supplies,Offline,M,5/5/2011,243070638,5/22/2011,8858,651.21,524.96,5768418.18,4650095.68,1118322.5
Europe,Bulgaria,Clothes,Offline,L,5/4/2010,505867040,6/12/2010,6153,109.28,35.84,672399.84,220523.52,451876.32
Europe,France,Cosmetics,Online,C,3/20/2014,637188422,4/29/2014,7069,437.2,263.33,3090566.8,1861479.77,1229087.03
Europe,San Marino,Cereal,Online,H,10/22/2016,518421494,10/22/2016,1296,205.7,117.11,266587.2,151774.56,114812.64
Europe,United Kingdom,Fruits,Offline,M,3/27/2013,104245078,4/21/2013,7290,9.33,6.92,68015.7,50446.8,17568.9
Europe,Spain,Vegetables,Online,C,12/16/2010,386319911,1/2/2011,9501,154.06,90.93,1463724.06,863925.93,599798.13
Europe,Cyprus,Baby Food,Online,M,3/17/2016,740300261,4/23/2016,153,255.28,159.42,39057.84,24391.26,14666.58
Europe,Macedonia,Office Supplies,Offline,C,7/17/2017,747826755,7/22/2017,7410,651.21,524.96,4825466.1,3889953.6,935512.5
Europe,Romania,Personal Care,Offline,M,12/21/2012,215540015,12/24/2012,1935,81.73,56.67,158147.55,109656.45,48491.1
Europe,Kosovo,Vegetables,Offline,C,7/23/2017,975080668,8/20/2017,6893,154.06,90.93,1061935.58,626780.49,435155.09
Europe,Bosnia and Herzegovina,Baby Food,Online,L,10/9/2012,638041150,11/28/2012,9410,255.28,159.42,2402184.8,1500142.2,902042.6
Europe,Greece,Cosmetics,Online,C,5/22/2010,583089339,6/26/2010,7948,437.2,263.33,3474865.6,2092946.84,1381918.76
Europe,Norway,Snacks,Online,M,2/19/2016,118086564,3/13/2016,3293,152.58,97.44,502445.94,320869.92,181576.02
Europe,Malta,Baby Food,Offline,C,4/27/2015,296073234,6/4/2015,3504,255.28,159.42,894501.12,558607.68,335893.44
Europe,Poland,Snacks,Online,M,1/9/2013,968185460,2/3/2013,6448,152.58,97.44,983835.84,628293.12,355542.72
Europe,Kosovo,Baby Food,Offline,M,9/13/2012,364854514,10/3/2012,7413,255.28,159.42,1892390.64,1181780.46,710610.18
Europe,Luxembourg,Cosmetics,Online,C,9/6/2013,980961358,10/8/2013,7120,437.2,263.33,3112864,1874909.6,1237954.4
Europe,France,Fruits,Offline,C,4/9/2014,601886260,5/27/2014,374,9.33,6.92,3489.42,2588.08,901.34
Europe,Poland,Household,Online,L,4/27/2011,321628463,5/14/2011,5864,668.27,502.54,3918735.28,2946894.56,971840.72
Europe,Portugal,Meat,Online,L,1/30/2014,944609057,3/16/2014,9666,421.89,364.69,4077988.74,3525093.54,552895.2
Europe,Malta,Cosmetics,Offline,H,12/14/2012,310588920,1/6/2013,9018,437.2,263.33,3942669.6,2374709.94,1567959.66
Europe,Armenia,Meat,Offline,M,6/2/2015,251208674,7/19/2015,7084,421.89,364.69,2988668.76,2583463.96,405204.8
Europe,Greece,Fruits,Online,L,10/31/2015,488316380,11/18/2015,2523,9.33,6.92,23539.59,17459.16,6080.43
Europe,Vatican City,Clothes,Online,M,3/23/2012,263647687,3/30/2012,8064,109.28,35.84,881233.92,289013.76,592220.16
Europe,Switzerland,Personal Care,Offline,H,4/19/2014,653800523,4/23/2014,2958,81.73,56.67,241757.34,167629.86,74127.48
Europe,Sweden,Cosmetics,Online,L,8/24/2013,684239947,8/31/2013,661,437.2,263.33,288989.2,174061.13,114928.07
Europe,Vatican City,Personal Care,Online,H,1/27/2016,133276450,3/15/2016,8318,81.73,56.67,679830.14,471381.06,208449.08
Europe,Moldova ,Personal Care,Offline,L,2/17/2014,838895261,2/19/2014,6605,81.73,56.67,539826.65,374305.35,165521.3
Europe,Denmark,Meat,Online,C,11/26/2011,198537814,12/19/2011,606,421.89,364.69,255665.34,221002.14,34663.2
Europe,Slovenia,Meat,Online,M,10/10/2015,885397469,11/18/2015,7642,421.89,364.69,3224083.38,2786960.98,437122.4
Europe,Hungary,Personal Care,Offline,H,10/16/2014,302744853,11/2/2014,7785,81.73,56.67,636268.05,441175.95,195092.1
Europe,Greece,Office Supplies,Online,L,3/11/2014,975823962,4/8/2014,6850,651.21,524.96,4460788.5,3595976,864812.5
Europe,Denmark,Cosmetics,Offline,M,12/27/2013,860104024,12/30/2013,2749,437.2,263.33,1201862.8,723894.17,477968.63
Europe,Montenegro,Cosmetics,Offline,M,11/16/2012,378714883,12/16/2012,9005,437.2,263.33,3936986,2371286.65,1565699.35
Europe,France,Personal Care,Offline,C,3/13/2017,131585586,4/13/2017,7954,81.73,56.67,650080.42,450753.18,199327.24
Europe,Greece,Personal Care,Online,L,9/11/2011,588528859,10/12/2011,7623,81.73,56.67,623027.79,431995.41,191032.38
Europe,Macedonia,Meat,Online,L,2/12/2017,796418511,3/23/2017,6791,421.89,364.69,2865054.99,2476609.79,388445.2
Europe,Kosovo,Cosmetics,Online,M,6/3/2011,526018369,6/21/2011,9379,437.2,263.33,4100498.8,2469772.07,1630726.73
Europe,Montenegro,Beverages,Offline,C,4/27/2017,122144210,5/24/2017,4041,47.45,31.79,191745.45,128463.39,63282.06
Europe,Belarus,Office Supplies,Offline,H,7/6/2016,644592607,7/31/2016,8131,651.21,524.96,5294988.51,4268449.76,1026538.75
Europe,Moldova ,Fruits,Online,H,11/3/2014,598404109,11/18/2014,9929,9.33,6.92,92637.57,68708.68,23928.89
Europe,Czech Republic,Personal Care,Online,C,4/22/2012,577530944,5/15/2012,3095,81.73,56.67,252954.35,175393.65,77560.7
Europe,Finland,Fruits,Offline,H,1/12/2016,182078921,2/14/2016,54,9.33,6.92,503.82,373.68,130.14
Europe,Serbia,Baby Food,Online,H,3/22/2014,302015721,4/17/2014,2018,255.28,159.42,515155.04,321709.56,193445.48
Europe,Latvia,Clothes,Offline,M,9/28/2014,233709084,10/16/2014,8566,109.28,35.84,936092.48,307005.44,629087.04
Europe,Estonia,Meat,Offline,M,8/25/2010,966800153,9/10/2010,6505,421.89,364.69,2744394.45,2372308.45,372086
Europe,Bulgaria,Clothes,Online,H,4/24/2014,380498874,5/13/2014,6927,109.28,35.84,756982.56,248263.68,508718.88
Europe,Luxembourg,Personal Care,Offline,M,12/7/2011,595385873,12/21/2011,6765,81.73,56.67,552903.45,383372.55,169530.9
Europe,Luxembourg,Cereal,Online,L,6/30/2012,361659038,8/3/2012,1801,205.7,117.11,370465.7,210915.11,159550.59
Europe,Kosovo,Baby Food,Online,L,12/14/2016,328721082,12/18/2016,4728,255.28,159.42,1206963.84,753737.76,453226.08
Europe,Denmark,Clothes,Offline,H,10/27/2014,184120833,10/31/2014,4301,109.28,35.84,470013.28,154147.84,315865.44
Europe,Liechtenstein,Vegetables,Offline,H,8/14/2016,933720576,10/1/2016,7523,154.06,90.93,1158993.38,684066.39,474926.99
Europe,Latvia,Cosmetics,Online,H,3/14/2014,765101468,4/6/2014,9382,437.2,263.33,4101810.4,2470562.06,1631248.34
Europe,Armenia,Household,Offline,M,9/3/2012,516460692,9/24/2012,1051,668.27,502.54,702351.77,528169.54,174182.23
Europe,Ukraine,Meat,Offline,H,4/25/2017,783594977,5/1/2017,2022,421.89,364.69,853061.58,737403.18,115658.4
Europe,Romania,Snacks,Online,L,4/3/2016,406270396,5/19/2016,3293,152.58,97.44,502445.94,320869.92,181576.02
Europe,Kosovo,Vegetables,Online,L,1/13/2010,805095136,1/20/2010,4396,154.06,90.93,677247.76,399728.28,277519.48
Europe,United Kingdom,Cereal,Online,M,10/1/2011,985417258,10/21/2011,5720,205.7,117.11,1176604,669869.2,506734.8
Europe,Serbia,Cereal,Offline,M,6/15/2013,443125665,7/9/2013,9586,205.7,117.11,1971840.2,1122616.46,849223.74
Europe,Belgium,Beverages,Online,L,6/23/2014,931477820,7/19/2014,3841,47.45,31.79,182255.45,122105.39,60150.06
Europe,United Kingdom,Personal Care,Offline,H,12/23/2013,387098824,1/4/2014,9999,81.73,56.67,817218.27,566643.33,250574.94
Europe,Denmark,Meat,Offline,M,8/12/2012,595922315,9/4/2012,5510,421.89,364.69,2324613.9,2009441.9,315172
Europe,Slovakia,Office Supplies,Online,M,3/23/2016,653909957,4/6/2016,5342,651.21,524.96,3478763.82,2804336.32,674427.5
Europe,Serbia,Beverages,Offline,H,8/11/2012,103435266,9/18/2012,7648,47.45,31.79,362897.6,243129.92,119767.68
Europe,Sweden,Meat,Offline,L,12/12/2016,863202941,12/13/2016,9787,421.89,364.69,4129037.43,3569221.03,559816.4
Europe,Cyprus,Clothes,Offline,M,3/8/2014,396552217,4/24/2014,7468,109.28,35.84,816103.04,267653.12,548449.92
Europe,United Kingdom,Cosmetics,Offline,M,5/6/2015,801352488,5/23/2015,6864,437.2,263.33,3000940.8,1807497.12,1193443.68
Europe,Luxembourg,Fruits,Online,H,10/7/2011,479234206,11/14/2011,4906,9.33,6.92,45772.98,33949.52,11823.46
Europe,Romania,Meat,Offline,M,2/19/2010,627003753,3/26/2010,3199,421.89,364.69,1349626.11,1166643.31,182982.8
Europe,France,Fruits,Offline,C,3/12/2017,393709933,4/25/2017,6373,9.33,6.92,59460.09,44101.16,15358.93
Europe,Latvia,Beverages,Offline,L,2/20/2016,136624276,3/8/2016,9014,47.45,31.79,427714.3,286555.06,141159.24
Europe,United Kingdom,Clothes,Online,L,9/3/2010,251823222,10/1/2010,8942,109.28,35.84,977181.76,320481.28,656700.48
Europe,Macedonia,Baby Food,Offline,H,4/1/2014,200354850,5/4/2014,8307,255.28,159.42,2120610.96,1324301.94,796309.02
Europe,Germany,Meat,Offline,H,5/2/2017,692757356,5/12/2017,1151,421.89,364.69,485595.39,419758.19,65837.2
Europe,Liechtenstein,Baby Food,Offline,L,10/12/2012,651895511,11/1/2012,9223,255.28,159.42,2354447.44,1470330.66,884116.78
Europe,Lithuania,Clothes,Offline,C,6/26/2016,156158483,8/5/2016,9620,109.28,35.84,1051273.6,344780.8,706492.8
Europe,Serbia,Snacks,Offline,C,11/18/2013,703966844,11/30/2013,8288,152.58,97.44,1264583.04,807582.72,457000.32
Europe,Slovenia,Household,Offline,L,2/11/2017,736240041,2/20/2017,8644,668.27,502.54,5776525.88,4343955.76,1432570.12
Europe,Montenegro,Cosmetics,Online,C,5/22/2015,357434880,6/29/2015,1779,437.2,263.33,777778.8,468464.07,309314.73
Europe,Russia,Clothes,Offline,H,8/15/2015,358624064,10/3/2015,3685,109.28,35.84,402696.8,132070.4,270626.4
Europe,Spain,Vegetables,Online,M,11/12/2011,103762280,12/14/2011,4419,154.06,90.93,680791.14,401819.67,278971.47
Europe,Slovenia,Baby Food,Offline,M,3/12/2013,144743001,4/21/2013,1525,255.28,159.42,389302,243115.5,146186.5
Europe,Iceland,Beverages,Online,L,2/11/2017,439204919,2/19/2017,9350,47.45,31.79,443657.5,297236.5,146421
Europe,Malta,Fruits,Offline,C,2/3/2010,114954173,2/11/2010,6349,9.33,6.92,59236.17,43935.08,15301.09
Europe,Norway,Beverages,Offline,L,12/22/2012,238170993,2/7/2013,8944,47.45,31.79,424392.8,284329.76,140063.04
Europe,Italy,Clothes,Online,M,4/2/2012,134790503,4/26/2012,6360,109.28,35.84,695020.8,227942.4,467078.4
Europe,Montenegro,Vegetables,Online,H,3/30/2013,409112679,5/18/2013,4388,154.06,90.93,676015.28,399000.84,277014.44
Europe,Italy,Meat,Offline,H,7/19/2013,727175891,9/7/2013,6360,421.89,364.69,2683220.4,2319428.4,363792
Europe,Sweden,Cosmetics,Online,L,10/26/2012,638593900,12/12/2012,2981,437.2,263.33,1303293.2,784986.73,518306.47
Europe,Albania,Beverages,Offline,H,4/28/2013,833473765,5/25/2013,2264,47.45,31.79,107426.8,71972.56,35454.24
Europe,Denmark,Cosmetics,Offline,M,7/8/2014,606224572,7/15/2014,4177,437.2,263.33,1826184.4,1099929.41,726254.99
Europe,Cyprus,Clothes,Online,H,1/6/2012,325314033,1/30/2012,6506,109.28,35.84,710975.68,233175.04,477800.64
Europe,Kosovo,Meat,Offline,M,11/19/2012,159805858,12/17/2012,8959,421.89,364.69,3779712.51,3267257.71,512454.8
Europe,Switzerland,Snacks,Online,H,4/6/2012,722248780,4/8/2012,8319,152.58,97.44,1269313.02,810603.36,458709.66
Europe,Spain,Vegetables,Online,H,6/1/2015,399115979,6/24/2015,6142,154.06,90.93,946236.52,558492.06,387744.46
Europe,Kosovo,Household,Offline,M,11/25/2015,792792594,1/2/2016,3801,668.27,502.54,2540094.27,1910154.54,629939.73
Europe,Portugal,Cosmetics,Offline,C,5/24/2013,626453149,6/10/2013,263,437.2,263.33,114983.6,69255.79,45727.81
Europe,Armenia,Snacks,Offline,L,7/31/2013,737095344,9/13/2013,1747,152.58,97.44,266557.26,170227.68,96329.58
Europe,San Marino,Fruits,Offline,L,9/18/2016,708320605,10/5/2016,6662,9.33,6.92,62156.46,46101.04,16055.42
Europe,Lithuania,Office Supplies,Offline,M,3/5/2013,433079183,4/19/2013,6609,651.21,524.96,4303846.89,3469460.64,834386.25
Europe,Georgia,Personal Care,Offline,L,5/22/2012,604494225,6/25/2012,2129,81.73,56.67,174003.17,120650.43,53352.74
Europe,Macedonia,Fruits,Online,M,12/30/2010,707718932,1/6/2011,8614,9.33,6.92,80368.62,59608.88,20759.74
Europe,Sweden,Household,Offline,C,6/24/2011,656689155,8/9/2011,7769,668.27,502.54,5191789.63,3904233.26,1287556.37
Europe,Macedonia,Beverages,Offline,M,2/25/2016,935907542,3/21/2016,4695,47.45,31.79,222777.75,149254.05,73523.7
Europe,Ireland,Household,Offline,C,3/14/2015,421660268,4/11/2015,7498,668.27,502.54,5010688.46,3768044.92,1242643.54
Europe,San Marino,Cosmetics,Offline,C,8/22/2014,447183310,9/19/2014,334,437.2,263.33,146024.8,87952.22,58072.58
Europe,Estonia,Vegetables,Offline,L,12/7/2011,127694451,12/27/2011,6481,154.06,90.93,998462.86,589317.33,409145.53
Europe,Vatican City,Meat,Offline,M,6/13/2012,697617518,7/7/2012,9381,421.89,364.69,3957750.09,3421156.89,536593.2
Europe,United Kingdom,Personal Care,Offline,L,1/22/2015,311688840,2/14/2015,4509,81.73,56.67,368520.57,255525.03,112995.54
Europe,Cyprus,Cosmetics,Offline,M,11/6/2015,385080945,11/7/2015,2864,437.2,263.33,1252140.8,754177.12,497963.68
Europe,Spain,Household,Offline,M,4/23/2012,309148681,5/5/2012,2819,668.27,502.54,1883853.13,1416660.26,467192.87
Europe,Serbia,Baby Food,Offline,L,2/21/2014,630219399,3/14/2014,4780,255.28,159.42,1220238.4,762027.6,458210.8
Europe,Denmark,Snacks,Online,H,4/13/2012,585677134,5/4/2012,3734,152.58,97.44,569733.72,363840.96,205892.76
Europe,Italy,Household,Online,C,12/23/2016,692704999,1/24/2017,5657,668.27,502.54,3780403.39,2842868.78,937534.61
Europe,Iceland,Cosmetics,Online,M,2/9/2011,942454278,3/29/2011,2019,437.2,263.33,882706.8,531663.27,351043.53
Europe,Kosovo,Office Supplies,Offline,H,5/19/2015,150293242,6/21/2015,3965,651.21,524.96,2582047.65,2081466.4,500581.25
Europe,Germany,Office Supplies,Offline,H,12/19/2013,236042392,1/26/2014,9044,651.21,524.96,5889543.24,4747738.24,1141805
Europe,Italy,Baby Food,Offline,L,6/15/2012,314782178,7/12/2012,9896,255.28,159.42,2526250.88,1577620.32,948630.56
Europe,Belgium,Cosmetics,Offline,M,7/27/2016,193472945,9/13/2016,1799,437.2,263.33,786522.8,473730.67,312792.13
Europe,Monaco,Cosmetics,Offline,H,9/27/2010,434013879,11/5/2010,3206,437.2,263.33,1401663.2,844235.98,557427.22
Europe,Greece,Cereal,Online,L,8/26/2015,431240689,10/13/2015,2558,205.7,117.11,526180.6,299567.38,226613.22
Europe,Switzerland,Meat,Offline,L,4/26/2012,643259227,4/26/2012,3555,421.89,364.69,1499818.95,1296472.95,203346
Europe,Czech Republic,Cosmetics,Online,H,6/6/2017,151312482,7/12/2017,5581,437.2,263.33,2440013.2,1469644.73,970368.47
Europe,Austria,Fruits,Online,M,7/31/2012,750047194,9/18/2012,4487,9.33,6.92,41863.71,31050.04,10813.67
Europe,Switzerland,Fruits,Offline,L,11/29/2015,721318805,12/9/2015,3118,9.33,6.92,29090.94,21576.56,7514.38
Europe,Vatican City,Beverages,Offline,H,2/13/2012,599997556,2/14/2012,1465,47.45,31.79,69514.25,46572.35,22941.9
Europe,Estonia,Beverages,Online,M,11/28/2016,826677262,1/9/2017,1027,47.45,31.79,48731.15,32648.33,16082.82
Europe,Poland,Beverages,Offline,H,7/5/2011,735445678,7/22/2011,3574,47.45,31.79,169586.3,113617.46,55968.84
Europe,San Marino,Vegetables,Offline,L,10/14/2012,354270303,11/27/2012,5310,154.06,90.93,818058.6,482838.3,335220.3
Europe,Spain,Cereal,Offline,H,12/4/2010,806662404,12/7/2010,8186,205.7,117.11,1683860.2,958662.46,725197.74
Europe,Netherlands,Personal Care,Offline,C,11/13/2013,933699119,11/24/2013,1173,81.73,56.67,95869.29,66473.91,29395.38
Europe,Switzerland,Baby Food,Offline,C,6/27/2015,726223170,7/31/2015,4429,255.28,159.42,1130635.12,706071.18,424563.94
Europe,Czech Republic,Meat,Online,M,1/9/2015,692555224,2/1/2015,1336,421.89,364.69,563645.04,487225.84,76419.2
Europe,Estonia,Vegetables,Online,L,2/28/2011,134121024,4/8/2011,8246,154.06,90.93,1270378.76,749808.78,520569.98
Europe,Estonia,Clothes,Offline,C,12/18/2016,660312926,1/5/2017,123,109.28,35.84,13441.44,4408.32,9033.12
Europe,Ukraine,Cosmetics,Online,C,7/8/2014,140461766,7/20/2014,4613,437.2,263.33,2016803.6,1214741.29,802062.31
Europe,Ukraine,Cereal,Offline,C,2/13/2011,741964948,2/26/2011,2771,205.7,117.11,569994.7,324511.81,245482.89
Europe,San Marino,Snacks,Offline,C,7/22/2017,476453721,8/10/2017,2099,152.58,97.44,320265.42,204526.56,115738.86
Europe,Belgium,Fruits,Online,M,4/28/2011,111496055,6/4/2011,3015,9.33,6.92,28129.95,20863.8,7266.15
Europe,Slovakia,Vegetables,Online,L,12/25/2015,628515231,2/1/2016,479,154.06,90.93,73794.74,43555.47,30239.27
Europe,Slovakia,Office Supplies,Offline,M,3/2/2010,601894414,3/19/2010,2787,651.21,524.96,1814922.27,1463063.52,351858.75
Europe,Bosnia and Herzegovina,Snacks,Offline,L,7/14/2011,954040992,8/27/2011,785,152.58,97.44,119775.3,76490.4,43284.9
Europe,Czech Republic,Office Supplies,Online,M,5/9/2014,865824210,5/14/2014,5479,651.21,524.96,3567979.59,2876255.84,691723.75
Europe,Belgium,Clothes,Offline,M,9/20/2016,761887109,10/14/2016,8181,109.28,35.84,894019.68,293207.04,600812.64
Europe,Romania,Office Supplies,Online,L,9/27/2015,160578763,10/30/2015,7679,651.21,524.96,5000641.59,4031167.84,969473.75
Europe,Serbia,Vegetables,Offline,M,3/8/2011,992992675,3/9/2011,7454,154.06,90.93,1148363.24,677792.22,470571.02
Europe,Slovakia,Clothes,Online,M,5/9/2015,231369769,5/16/2015,6311,109.28,35.84,689666.08,226186.24,463479.84
Europe,Lithuania,Cosmetics,Online,M,3/28/2016,852392995,4/19/2016,884,437.2,263.33,386484.8,232783.72,153701.08
Europe,Macedonia,Snacks,Offline,M,9/6/2012,597105491,10/20/2012,5639,152.58,97.44,860398.62,549464.16,310934.46
Europe,Andorra,Fruits,Offline,L,3/4/2016,716054379,3/26/2016,5258,9.33,6.92,49057.14,36385.36,12671.78
Europe,Austria,Office Supplies,Offline,C,3/21/2015,511712110,5/7/2015,5839,651.21,524.96,3802415.19,3065241.44,737173.75
Europe,Finland,Baby Food,Offline,C,9/7/2014,481308305,10/16/2014,8678,255.28,159.42,2215319.84,1383446.76,831873.08
Europe,Andorra,Household,Online,C,5/22/2014,266638886,6/19/2014,3227,668.27,502.54,2156507.29,1621696.58,534810.71
Europe,Moldova ,Meat,Online,H,9/17/2012,638314521,10/15/2012,306,421.89,364.69,129098.34,111595.14,17503.2
Europe,Switzerland,Cosmetics,Online,M,4/15/2015,811977040,5/28/2015,905,437.2,263.33,395666,238313.65,157352.35
Europe,Netherlands,Meat,Online,M,10/9/2010,344160735,11/20/2010,3664,421.89,364.69,1545804.96,1336224.16,209580.8
Europe,Russia,Household,Online,H,4/3/2017,549058330,5/11/2017,7416,668.27,502.54,4955890.32,3726836.64,1229053.68
Europe,Greece,Meat,Online,H,11/12/2013,969199979,12/7/2013,6666,421.89,364.69,2812318.74,2431023.54,381295.2
Europe,Spain,Baby Food,Offline,L,5/22/2011,956594026,6/17/2011,6285,255.28,159.42,1604434.8,1001954.7,602480.1
Europe,Ukraine,Beverages,Online,H,3/24/2015,712595832,3/28/2015,1797,47.45,31.79,85267.65,57126.63,28141.02
Europe,Italy,Baby Food,Offline,C,6/26/2010,748357188,7/20/2010,4377,255.28,159.42,1117360.56,697781.34,419579.22
Europe,Estonia,Fruits,Offline,L,2/25/2013,898211562,3/12/2013,9616,9.33,6.92,89717.28,66542.72,23174.56
Europe,Ireland,Office Supplies,Offline,C,6/15/2014,729373586,7/5/2014,6707,651.21,524.96,4367665.47,3520906.72,846758.75
Europe,Norway,Fruits,Offline,M,12/20/2011,991761863,12/24/2011,3229,9.33,6.92,30126.57,22344.68,7781.89
Europe,Latvia,Personal Care,Offline,C,10/29/2011,160751283,11/13/2011,8732,81.73,56.67,713666.36,494842.44,218823.92
Europe,Macedonia,Household,Online,H,2/22/2017,241392648,3/16/2017,2304,668.27,502.54,1539694.08,1157852.16,381841.92
Europe,Malta,Meat,Online,H,3/24/2015,901789844,5/5/2015,8509,421.89,364.69,3589862.01,3103147.21,486714.8
Europe,Portugal,Office Supplies,Online,M,11/21/2016,410229337,12/22/2016,4832,651.21,524.96,3146646.72,2536606.72,610040
Europe,Switzerland,Beverages,Online,L,4/4/2017,837906920,5/16/2017,4133,47.45,31.79,196110.85,131388.07,64722.78
Europe,Slovakia,Household,Online,C,1/30/2016,704361665,3/1/2016,5124,668.27,502.54,3424215.48,2575014.96,849200.52
Europe,Austria,Snacks,Offline,M,7/11/2013,400267398,7/20/2013,6873,152.58,97.44,1048682.34,669705.12,378977.22
Europe,France,Meat,Online,C,5/19/2014,531281936,6/3/2014,6986,421.89,364.69,2947323.54,2547724.34,399599.2
Europe,Greece,Cosmetics,Online,C,6/20/2017,900808799,6/28/2017,8196,437.2,263.33,3583291.2,2158252.68,1425038.52
Europe,Czech Republic,Meat,Online,H,1/22/2015,756395232,3/13/2015,3013,421.89,364.69,1271154.57,1098810.97,172343.6
Europe,Ireland,Clothes,Online,C,10/2/2012,261187350,10/3/2012,9996,109.28,35.84,1092362.88,358256.64,734106.24
Europe,Slovenia,Clothes,Offline,L,5/16/2014,188866841,5/20/2014,8750,109.28,35.84,956200,313600,642600
Europe,Cyprus,Household,Online,C,6/18/2012,709071195,8/2/2012,8778,668.27,502.54,5866074.06,4411296.12,1454777.94
Europe,Belarus,Cereal,Online,L,12/15/2012,674060428,12/17/2012,8315,205.7,117.11,1710395.5,973769.65,736625.85
Europe,San Marino,Cosmetics,Offline,C,10/27/2016,284595954,10/29/2016,7122,437.2,263.33,3113738.4,1875436.26,1238302.14
Europe,Iceland,Baby Food,Offline,C,5/6/2016,580314862,5/12/2016,6918,255.28,159.42,1766027.04,1102867.56,663159.48
Europe,Luxembourg,Snacks,Online,L,2/21/2013,437604176,4/7/2013,5655,152.58,97.44,862839.9,551023.2,311816.7
Europe,Italy,Beverages,Offline,H,12/5/2014,994978797,1/2/2015,5192,47.45,31.79,246360.4,165053.68,81306.72
Europe,Greece,Beverages,Offline,H,4/30/2017,317006051,6/5/2017,7990,47.45,31.79,379125.5,254002.1,125123.4
Europe,Montenegro,Personal Care,Online,H,4/19/2012,933642041,5/19/2012,4282,81.73,56.67,349967.86,242660.94,107306.92
Europe,Italy,Office Supplies,Offline,M,6/9/2016,764592492,7/19/2016,8764,651.21,524.96,5707204.44,4600749.44,1106455
Europe,Hungary,Clothes,Offline,C,6/25/2013,931559789,7/5/2013,8098,109.28,35.84,884949.44,290232.32,594717.12
Europe,Germany,Beverages,Offline,L,11/26/2015,682314765,12/20/2015,956,47.45,31.79,45362.2,30391.24,14970.96
Europe,Spain,Snacks,Online,C,11/11/2016,485165965,12/14/2016,245,152.58,97.44,37382.1,23872.8,13509.3
Europe,Netherlands,Beverages,Online,C,3/4/2010,601422345,3/20/2010,3092,47.45,31.79,146715.4,98294.68,48420.72
Europe,Albania,Household,Offline,M,3/31/2012,999879729,5/6/2012,5486,668.27,502.54,3666129.22,2756934.44,909194.78
Europe,Latvia,Cosmetics,Offline,H,3/5/2012,246603858,4/15/2012,4417,437.2,263.33,1931112.4,1163128.61,767983.79
Europe,Slovakia,Beverages,Online,L,10/23/2013,291531503,10/26/2013,9505,47.45,31.79,451012.25,302163.95,148848.3
Europe,Kosovo,Cereal,Offline,H,7/18/2017,483655774,8/5/2017,3346,205.7,117.11,688272.2,391850.06,296422.14
Europe,Armenia,Personal Care,Online,C,12/10/2010,840747058,12/26/2010,4593,81.73,56.67,375385.89,260285.31,115100.58
Europe,Bosnia and Herzegovina,Cosmetics,Offline,H,2/12/2012,205354487,2/20/2012,7811,437.2,263.33,3414969.2,2056870.63,1358098.57
Europe,Finland,Cereal,Online,H,7/16/2011,280192410,8/28/2011,4016,205.7,117.11,826091.2,470313.76,355777.44
Europe,Germany,Vegetables,Offline,C,3/14/2011,465753209,3/14/2011,5579,154.06,90.93,859500.74,507298.47,352202.27
Europe,Sweden,Personal Care,Online,C,4/26/2011,587846076,5/24/2011,5572,81.73,56.67,455399.56,315765.24,139634.32
Europe,Armenia,Cereal,Offline,H,9/10/2011,580342328,10/14/2011,5046,205.7,117.11,1037962.2,590937.06,447025.14
Europe,Switzerland,Meat,Online,C,4/21/2012,877084767,6/9/2012,7728,421.89,364.69,3260365.92,2818324.32,442041.6
Europe,Norway,Clothes,Online,C,4/29/2012,709105527,5/1/2012,8938,109.28,35.84,976744.64,320337.92,656406.72
Europe,San Marino,Meat,Online,H,5/23/2016,614321839,7/5/2016,339,421.89,364.69,143020.71,123629.91,19390.8
Europe,Ukraine,Cosmetics,Online,L,1/18/2011,329529607,1/23/2011,3988,437.2,263.33,1743553.6,1050160.04,693393.56
Europe,Ireland,Fruits,Online,L,5/30/2010,223869454,6/27/2010,6801,9.33,6.92,63453.33,47062.92,16390.41
Europe,Czech Republic,Office Supplies,Offline,H,5/11/2012,189108455,6/30/2012,249,651.21,524.96,162151.29,130715.04,31436.25
Europe,Sweden,Fruits,Offline,L,1/14/2015,452471768,2/10/2015,5306,9.33,6.92,49504.98,36717.52,12787.46
Europe,Germany,Cereal,Offline,M,4/30/2016,174218118,6/13/2016,3867,205.7,117.11,795441.9,452864.37,342577.53
Europe,Germany,Meat,Online,H,5/28/2017,820437371,6/11/2017,4505,421.89,364.69,1900614.45,1642928.45,257686
Europe,Slovenia,Personal Care,Offline,L,2/6/2012,410291135,2/22/2012,3119,81.73,56.67,254915.87,176753.73,78162.14
Europe,Andorra,Baby Food,Offline,C,6/24/2017,174614226,8/13/2017,1085,255.28,159.42,276978.8,172970.7,104008.1
Europe,Vatican City,Snacks,Offline,L,6/2/2011,118859469,7/1/2011,2013,152.58,97.44,307143.54,196146.72,110996.82
Europe,Belarus,Cosmetics,Offline,H,7/30/2015,669550883,9/16/2015,3840,437.2,263.33,1678848,1011187.2,667660.8
Europe,United Kingdom,Personal Care,Online,M,6/17/2012,439114367,6/26/2012,2554,81.73,56.67,208738.42,144735.18,64003.24
Europe,Moldova ,Household,Online,M,1/31/2011,582563626,2/19/2011,2378,668.27,502.54,1589146.06,1195040.12,394105.94
Europe,Latvia,Snacks,Online,M,2/8/2013,943274819,3/8/2013,4836,152.58,97.44,737876.88,471219.84,266657.04
Europe,Hungary,Office Supplies,Online,H,12/5/2010,313821303,1/17/2011,5552,651.21,524.96,3615517.92,2914577.92,700940
Europe,Slovakia,Beverages,Online,M,9/2/2015,431753098,10/19/2015,4191,47.45,31.79,198862.95,133231.89,65631.06
Europe,Bosnia and Herzegovina,Household,Online,C,12/28/2011,969289243,2/2/2012,3082,668.27,502.54,2059608.14,1548828.28,510779.86
Europe,Norway,Snacks,Offline,M,7/17/2011,861982858,9/4/2011,8738,152.58,97.44,1333244.04,851430.72,481813.32
Europe,Italy,Meat,Online,M,2/21/2016,290317428,4/2/2016,233,421.89,364.69,98300.37,84972.77,13327.6
Europe,Slovenia,Clothes,Offline,C,6/2/2016,105030000,6/13/2016,9566,109.28,35.84,1045372.48,342845.44,702527.04
Europe,Belgium,Beverages,Online,H,8/31/2015,960213077,10/16/2015,7242,47.45,31.79,343632.9,230223.18,113409.72
Europe,Hungary,Cosmetics,Offline,L,5/27/2014,743619334,7/9/2014,2341,437.2,263.33,1023485.2,616455.53,407029.67
Europe,Ireland,Office Supplies,Offline,H,12/15/2016,263977277,1/10/2017,5597,651.21,524.96,3644822.37,2938201.12,706621.25
Europe,Montenegro,Office Supplies,Offline,H,4/23/2011,819152915,4/24/2011,4406,651.21,524.96,2869231.26,2312973.76,556257.5
Europe,France,Personal Care,Offline,C,8/13/2015,980598723,9/24/2015,9808,81.73,56.67,801607.84,555819.36,245788.48
Europe,Andorra,Clothes,Offline,L,5/18/2011,974147260,6/8/2011,677,109.28,35.84,73982.56,24263.68,49718.88
Europe,Finland,Office Supplies,Online,H,12/21/2011,719404351,1/10/2012,6589,651.21,524.96,4290822.69,3458961.44,831861.25
Europe,Georgia,Personal Care,Offline,L,7/24/2015,643770778,7/31/2015,4934,81.73,56.67,403255.82,279609.78,123646.04
Europe,Armenia,Meat,Offline,C,10/1/2016,645309722,11/6/2016,342,421.89,364.69,144286.38,124723.98,19562.4
Europe,Malta,Cereal,Offline,M,7/20/2013,469144809,8/24/2013,9229,205.7,117.11,1898405.3,1080808.19,817597.11
Europe,Norway,Cosmetics,Online,L,7/20/2011,821916663,8/26/2011,2260,437.2,263.33,988072,595125.8,392946.2
Europe,Austria,Household,Offline,M,8/27/2010,835265910,10/1/2010,2599,668.27,502.54,1736833.73,1306101.46,430732.27
Europe,Greece,Household,Online,L,9/26/2013,195259082,10/11/2013,356,668.27,502.54,237904.12,178904.24,58999.88
Europe,Cyprus,Clothes,Online,C,5/17/2012,593158566,6/25/2012,7656,109.28,35.84,836647.68,274391.04,562256.64
Europe,Serbia,Vegetables,Offline,C,3/22/2014,717833220,4/3/2014,1657,154.06,90.93,255277.42,150671.01,104606.41
Europe,Belgium,Vegetables,Online,H,5/26/2013,682066285,7/13/2013,7426,154.06,90.93,1144049.56,675246.18,468803.38
Europe,Greece,Cereal,Online,H,1/24/2013,412215459,1/31/2013,2569,205.7,117.11,528443.3,300855.59,227587.71
Europe,Bosnia and Herzegovina,Office Supplies,Offline,C,5/2/2010,152746713,5/8/2010,2,651.21,524.96,1302.42,1049.92,252.5
Europe,Italy,Cereal,Online,M,1/6/2013,715309798,2/10/2013,4920,205.7,117.11,1012044,576181.2,435862.8
Europe,Belarus,Fruits,Online,L,8/1/2010,466517961,9/7/2010,1886,9.33,6.92,17596.38,13051.12,4545.26
Europe,Latvia,Meat,Offline,C,7/24/2011,825065791,8/28/2011,4157,421.89,364.69,1753796.73,1516016.33,237780.4
Europe,Iceland,Office Supplies,Online,L,2/18/2015,384976232,4/3/2015,1877,651.21,524.96,1222321.17,985349.92,236971.25
Europe,Hungary,Office Supplies,Offline,C,9/18/2015,467924726,10/20/2015,8179,651.21,524.96,5326246.59,4293647.84,1032598.75
Europe,Greece,Cereal,Offline,L,10/23/2011,280477797,10/24/2011,8468,205.7,117.11,1741867.6,991687.48,750180.12
Europe,Bulgaria,Fruits,Online,L,3/12/2016,774698626,4/7/2016,9394,9.33,6.92,87646.02,65006.48,22639.54
Europe,Slovenia,Cereal,Online,M,2/21/2012,652501904,3/25/2012,8668,205.7,117.11,1783007.6,1015109.48,767898.12
Europe,Bulgaria,Household,Online,M,5/31/2017,688903129,7/2/2017,600,668.27,502.54,400962,301524,99438
Europe,Finland,Personal Care,Online,M,7/25/2014,195171105,9/4/2014,4322,81.73,56.67,353237.06,244927.74,108309.32
Europe,Vatican City,Household,Offline,C,2/13/2011,128766906,3/28/2011,3844,668.27,502.54,2568829.88,1931763.76,637066.12
Europe,San Marino,Vegetables,Offline,L,6/27/2016,361725556,7/18/2016,1485,154.06,90.93,228779.1,135031.05,93748.05
Europe,Armenia,Personal Care,Online,C,12/6/2016,789760196,1/2/2017,6447,81.73,56.67,526913.31,365351.49,161561.82
Europe,Slovakia,Cosmetics,Online,C,11/1/2013,327072703,11/16/2013,6936,437.2,263.33,3032419.2,1826456.88,1205962.32
Europe,Switzerland,Vegetables,Online,H,9/18/2013,130356919,10/1/2013,4364,154.06,90.93,672317.84,396818.52,275499.32
Europe,Portugal,Cereal,Offline,H,2/5/2013,636360585,3/8/2013,2093,205.7,117.11,430530.1,245111.23,185418.87
Europe,Belarus,Beverages,Online,M,7/24/2012,123938930,8/2/2012,5138,47.45,31.79,243798.1,163337.02,80461.08
Europe,Kosovo,Office Supplies,Offline,C,7/26/2014,770821654,8/19/2014,2112,651.21,524.96,1375355.52,1108715.52,266640
Europe,United Kingdom,Cosmetics,Online,M,12/14/2012,692952191,1/4/2013,8807,437.2,263.33,3850420.4,2319147.31,1531273.09
Europe,Ukraine,Beverages,Offline,L,9/7/2013,947507131,10/20/2013,7271,47.45,31.79,345008.95,231145.09,113863.86
Europe,Ireland,Personal Care,Offline,L,1/21/2016,396462953,2/26/2016,1053,81.73,56.67,86061.69,59673.51,26388.18
Europe,Russia,Beverages,Offline,M,8/30/2011,162791907,10/19/2011,2598,47.45,31.79,123275.1,82590.42,40684.68
Europe,Luxembourg,Cosmetics,Online,M,1/26/2017,835341870,2/24/2017,5077,437.2,263.33,2219664.4,1336926.41,882737.99
Europe,Norway,Household,Offline,C,4/29/2013,149274003,5/29/2013,2350,668.27,502.54,1570434.5,1180969,389465.5
Europe,Estonia,Cosmetics,Offline,C,1/4/2017,311956632,1/10/2017,3755,437.2,263.33,1641686,988804.15,652881.85
Europe,Ukraine,Baby Food,Offline,L,5/5/2014,920688903,6/12/2014,1161,255.28,159.42,296380.08,185086.62,111293.46
Europe,San Marino,Personal Care,Online,L,9/25/2010,434485948,11/3/2010,2902,81.73,56.67,237180.46,164456.34,72724.12
Europe,Estonia,Baby Food,Offline,H,5/22/2014,316466176,6/2/2014,8229,255.28,159.42,2100699.12,1311867.18,788831.94
Europe,Kosovo,Household,Online,M,7/18/2014,101025998,8/11/2014,4693,668.27,502.54,3136191.11,2358420.22,777770.89
Europe,Luxembourg,Personal Care,Offline,H,9/25/2015,547625386,9/29/2015,3376,81.73,56.67,275920.48,191317.92,84602.56
Europe,Montenegro,Fruits,Online,H,1/31/2016,394456660,2/9/2016,7346,9.33,6.92,68538.18,50834.32,17703.86
Europe,Kosovo,Baby Food,Online,M,1/1/2014,104548490,1/5/2014,7076,255.28,159.42,1806361.28,1128055.92,678305.36
Europe,Greece,Cereal,Online,M,1/10/2010,687374913,2/26/2010,8367,205.7,117.11,1721091.9,979859.37,741232.53
Europe,Greece,Vegetables,Online,M,10/4/2012,921693980,11/4/2012,8586,154.06,90.93,1322759.16,780724.98,542034.18
Europe,Montenegro,Household,Online,L,8/29/2012,829356467,9/16/2012,3864,668.27,502.54,2582195.28,1941814.56,640380.72
Europe,Czech Republic,Cereal,Offline,C,5/20/2015,322524106,5/20/2015,905,205.7,117.11,186158.5,105984.55,80173.95
Europe,Portugal,Cereal,Offline,M,9/14/2014,897638213,10/8/2014,9950,205.7,117.11,2046715,1165244.5,881470.5
Europe,Italy,Baby Food,Offline,L,3/23/2017,480652987,4/5/2017,4755,255.28,159.42,1213856.4,758042.1,455814.3
Europe,France,Office Supplies,Online,C,6/20/2010,340213811,7/26/2010,5682,651.21,524.96,3700175.22,2982822.72,717352.5
Europe,Iceland,Baby Food,Online,H,3/20/2013,826936471,3/30/2013,7733,255.28,159.42,1974080.24,1232794.86,741285.38
Europe,Norway,Cosmetics,Online,H,5/14/2015,477633464,6/7/2015,1211,437.2,263.33,529449.2,318892.63,210556.57
Europe,Latvia,Meat,Online,L,11/25/2014,849431836,11/28/2014,4611,421.89,364.69,1945334.79,1681585.59,263749.2
Europe,United Kingdom,Baby Food,Online,H,7/8/2012,844307315,7/29/2012,8152,255.28,159.42,2081042.56,1299591.84,781450.72
Europe,Finland,Snacks,Online,H,6/20/2017,414579665,7/10/2017,2191,152.58,97.44,334302.78,213491.04,120811.74
Europe,Switzerland,Cereal,Offline,M,10/18/2015,569864976,11/30/2015,4565,205.7,117.11,939020.5,534607.15,404413.35
Europe,United Kingdom,Clothes,Online,L,2/26/2017,783116900,3/14/2017,548,109.28,35.84,59885.44,19640.32,40245.12
Europe,Andorra,Cosmetics,Online,L,2/26/2016,727821767,3/16/2016,7489,437.2,263.33,3274190.8,1972078.37,1302112.43
Europe,Georgia,Meat,Offline,C,3/15/2012,631172120,4/20/2012,6711,421.89,364.69,2831303.79,2447434.59,383869.2
Europe,San Marino,Office Supplies,Offline,M,5/11/2016,859914767,6/18/2016,6744,651.21,524.96,4391760.24,3540330.24,851430
Europe,Andorra,Snacks,Online,L,2/4/2011,575479590,3/22/2011,6054,152.58,97.44,923719.32,589901.76,333817.56
Europe,Spain,Snacks,Offline,M,2/19/2017,352342545,3/27/2017,4844,152.58,97.44,739097.52,471999.36,267098.16
Europe,Slovenia,Cereal,Online,H,7/22/2012,972419059,8/17/2012,9264,205.7,117.11,1905604.8,1084907.04,820697.76
Europe,Spain,Meat,Offline,M,5/20/2014,217165648,6/8/2014,2996,421.89,364.69,1263982.44,1092611.24,171371.2
Europe,Denmark,Baby Food,Online,L,9/6/2016,764837539,9/6/2016,1279,255.28,159.42,326503.12,203898.18,122604.94
Europe,Latvia,Fruits,Offline,H,3/19/2017,870218312,3/27/2017,5792,9.33,6.92,54039.36,40080.64,13958.72
Europe,Spain,Office Supplies,Online,L,7/2/2017,513802516,8/7/2017,4437,651.21,524.96,2889418.77,2329247.52,560171.25
Europe,Slovakia,Beverages,Online,M,5/31/2017,638957822,6/24/2017,673,47.45,31.79,31933.85,21394.67,10539.18
Europe,Bulgaria,Baby Food,Online,H,12/19/2014,944247710,1/31/2015,2736,255.28,159.42,698446.08,436173.12,262272.96
Europe,Netherlands,Baby Food,Offline,H,3/16/2013,694771802,3/21/2013,7270,255.28,159.42,1855885.6,1158983.4,696902.2
Europe,Bosnia and Herzegovina,Snacks,Offline,C,3/31/2012,388728320,5/10/2012,2203,152.58,97.44,336133.74,214660.32,121473.42
Europe,Vatican City,Vegetables,Offline,L,3/18/2014,452559745,3/19/2014,1340,154.06,90.93,206440.4,121846.2,84594.2
Europe,Portugal,Baby Food,Offline,M,3/27/2016,921230065,5/16/2016,1303,255.28,159.42,332629.84,207724.26,124905.58
Europe,Malta,Fruits,Online,M,5/9/2016,831143891,6/1/2016,2802,9.33,6.92,26142.66,19389.84,6752.82
Europe,Estonia,Cereal,Online,M,10/7/2015,318523538,11/5/2015,7048,205.7,117.11,1449773.6,825391.28,624382.32
Europe,Armenia,Meat,Offline,H,10/26/2010,970427358,10/31/2010,9875,421.89,364.69,4166163.75,3601313.75,564850
Europe,Estonia,Cereal,Offline,H,7/18/2013,195212733,8/14/2013,6641,205.7,117.11,1366053.7,777727.51,588326.19
Europe,Poland,Household,Online,C,3/13/2011,141875827,4/16/2011,3065,668.27,502.54,2048247.55,1540285.1,507962.45
Europe,Vatican City,Beverages,Offline,L,11/4/2011,510762822,12/22/2011,4924,47.45,31.79,233643.8,156533.96,77109.84
Europe,Russia,Snacks,Offline,H,7/28/2012,189667212,9/3/2012,5598,152.58,97.44,854142.84,545469.12,308673.72
Europe,Germany,Clothes,Online,C,3/21/2015,276784074,4/15/2015,5413,109.28,35.84,591532.64,194001.92,397530.72
Europe,Spain,Clothes,Online,H,8/14/2010,744583642,9/26/2010,7701,109.28,35.84,841565.28,276003.84,565561.44
Europe,Moldova ,Beverages,Online,H,6/26/2015,761724030,8/13/2015,9923,47.45,31.79,470846.35,315452.17,155394.18
Europe,Slovakia,Office Supplies,Online,C,5/5/2012,217248904,6/15/2012,7633,651.21,524.96,4970685.93,4007019.68,963666.25
Europe,Montenegro,Clothes,Online,L,4/29/2016,685596930,6/16/2016,2222,109.28,35.84,242820.16,79636.48,163183.68
Europe,Greece,Clothes,Online,H,1/31/2015,355534589,2/6/2015,9440,109.28,35.84,1031603.2,338329.6,693273.6
Europe,Belgium,Office Supplies,Offline,L,12/1/2012,456527268,12/2/2012,5419,651.21,524.96,3528906.99,2844758.24,684148.75
Europe,Montenegro,Baby Food,Offline,C,2/15/2016,461917865,3/21/2016,616,255.28,159.42,157252.48,98202.72,59049.76
Europe,Montenegro,Personal Care,Offline,C,6/29/2013,284435451,6/29/2013,9625,81.73,56.67,786651.25,545448.75,241202.5
Europe,Finland,Meat,Online,H,6/21/2014,844575107,6/26/2014,7397,421.89,364.69,3120720.33,2697611.93,423108.4
Europe,Russia,Baby Food,Offline,L,5/19/2015,158479773,6/18/2015,6542,255.28,159.42,1670041.76,1042925.64,627116.12
Europe,Monaco,Household,Online,L,6/9/2014,175723588,6/14/2014,9370,668.27,502.54,6261689.9,4708799.8,1552890.1
Europe,Netherlands,Household,Online,C,11/4/2016,690220630,11/19/2016,477,668.27,502.54,318764.79,239711.58,79053.21
Europe,Macedonia,Beverages,Offline,M,7/17/2017,704139363,8/31/2017,9340,47.45,31.79,443183,296918.6,146264.4
Europe,Italy,Fruits,Online,H,2/2/2014,636278617,3/22/2014,7837,9.33,6.92,73119.21,54232.04,18887.17
Europe,Belarus,Snacks,Online,L,9/9/2012,525749719,10/22/2012,9880,152.58,97.44,1507490.4,962707.2,544783.2
Europe,Romania,Fruits,Online,H,10/27/2016,481976497,12/3/2016,6411,9.33,6.92,59814.63,44364.12,15450.51
Europe,San Marino,Meat,Online,H,10/22/2010,168979442,12/10/2010,3627,421.89,364.69,1530195.03,1322730.63,207464.4
Europe,Albania,Household,Online,L,12/20/2010,570476520,12/24/2010,5534,668.27,502.54,3698206.18,2781056.36,917149.82
Europe,Finland,Cereal,Online,H,7/13/2013,144282948,8/1/2013,5386,205.7,117.11,1107900.2,630754.46,477145.74
Europe,Russia,Beverages,Online,M,10/10/2013,797202146,11/17/2013,8685,47.45,31.79,412103.25,276096.15,136007.1
Europe,Hungary,Fruits,Offline,C,4/17/2016,353492677,5/23/2016,5193,9.33,6.92,48450.69,35935.56,12515.13
Europe,Slovenia,Cosmetics,Offline,M,1/28/2014,155086886,2/5/2014,2511,437.2,263.33,1097809.2,661221.63,436587.57
Europe,Russia,Cosmetics,Online,L,10/29/2010,113524663,12/9/2010,3325,437.2,263.33,1453690,875572.25,578117.75
Europe,Andorra,Beverages,Offline,L,10/9/2013,932475602,11/21/2013,9107,47.45,31.79,432127.15,289511.53,142615.62
Europe,Russia,Office Supplies,Offline,L,1/20/2015,282917964,1/27/2015,567,651.21,524.96,369236.07,297652.32,71583.75
Europe,Croatia,Baby Food,Offline,C,6/27/2013,775347936,7/8/2013,1539,255.28,159.42,392875.92,245347.38,147528.54
Europe,Bulgaria,Baby Food,Offline,C,9/18/2010,980381143,9/26/2010,5421,255.28,159.42,1383872.88,864215.82,519657.06
Europe,Belarus,Cosmetics,Offline,M,1/6/2010,521874034,2/3/2010,2979,437.2,263.33,1302418.8,784460.07,517958.73
Europe,Iceland,Cosmetics,Online,M,4/16/2017,186847674,4/23/2017,1234,437.2,263.33,539504.8,324949.22,214555.58
Europe,Vatican City,Fruits,Offline,H,1/24/2015,117929494,3/2/2015,6813,9.33,6.92,63565.29,47145.96,16419.33
Europe,Netherlands,Beverages,Offline,M,7/11/2017,786318385,8/23/2017,7939,47.45,31.79,376705.55,252380.81,124324.74
Europe,Austria,Household,Online,C,9/20/2015,178604066,10/18/2015,1767,668.27,502.54,1180833.09,887988.18,292844.91
Europe,Bulgaria,Vegetables,Offline,C,6/11/2014,651247489,7/2/2014,7459,154.06,90.93,1149133.54,678246.87,470886.67
Europe,Cyprus,Household,Online,L,3/20/2013,492353856,4/11/2013,7302,668.27,502.54,4879707.54,3669547.08,1210160.46
Europe,Ireland,Personal Care,Offline,M,2/16/2013,382581126,3/27/2013,3112,81.73,56.67,254343.76,176357.04,77986.72
Europe,Andorra,Household,Online,C,9/29/2010,533314406,10/29/2010,8439,668.27,502.54,5639530.53,4240935.06,1398595.47
Europe,Russia,Snacks,Online,M,9/18/2016,949388539,9/30/2016,4021,152.58,97.44,613524.18,391806.24,221717.94
Europe,Portugal,Beverages,Offline,L,1/10/2016,122372519,1/13/2016,1603,47.45,31.79,76062.35,50959.37,25102.98
Europe,France,Clothes,Offline,M,1/16/2014,298978602,1/28/2014,3267,109.28,35.84,357017.76,117089.28,239928.48
Europe,Belarus,Clothes,Offline,C,12/27/2016,691760861,1/28/2017,6266,109.28,35.84,684748.48,224573.44,460175.04
Europe,Serbia,Meat,Offline,H,4/14/2010,447536504,4/25/2010,4852,421.89,364.69,2047010.28,1769475.88,277534.4
Europe,Poland,Vegetables,Offline,H,1/13/2011,469840466,1/22/2011,5090,154.06,90.93,784165.4,462833.7,321331.7
Europe,Armenia,Snacks,Offline,M,3/2/2011,418404281,4/15/2011,3979,152.58,97.44,607115.82,387713.76,219402.06
Europe,Austria,Snacks,Online,M,1/18/2012,516122949,2/21/2012,1105,152.58,97.44,168600.9,107671.2,60929.7
Europe,Albania,Cosmetics,Offline,L,8/29/2015,208238399,10/15/2015,1224,437.2,263.33,535132.8,322315.92,212816.88
Europe,Georgia,Fruits,Online,M,12/2/2016,526533353,1/12/2017,1775,9.33,6.92,16560.75,12283,4277.75
Europe,Iceland,Meat,Online,H,5/11/2011,643027484,5/18/2011,4977,421.89,364.69,2099746.53,1815062.13,284684.4
Europe,Hungary,Beverages,Online,L,4/21/2013,327604424,5/13/2013,4284,47.45,31.79,203275.8,136188.36,67087.44
Europe,Ukraine,Meat,Offline,M,6/18/2014,219451320,7/2/2014,9377,421.89,364.69,3956062.53,3419698.13,536364.4
Europe,France,Personal Care,Online,H,3/15/2011,575758969,3/29/2011,8729,81.73,56.67,713421.17,494672.43,218748.74
Europe,Malta,Office Supplies,Offline,H,12/4/2014,602264344,1/7/2015,2258,651.21,524.96,1470432.18,1185359.68,285072.5
Europe,Belgium,Cereal,Offline,H,11/22/2014,791890084,12/15/2014,6728,205.7,117.11,1383949.6,787916.08,596033.52
Europe,Liechtenstein,Fruits,Offline,C,6/29/2012,249606645,8/14/2012,3008,9.33,6.92,28064.64,20815.36,7249.28
Europe,Belgium,Household,Offline,C,4/8/2015,497466361,5/1/2015,206,668.27,502.54,137663.62,103523.24,34140.38
Europe,Belarus,Clothes,Offline,L,12/23/2014,839437711,12/24/2014,7128,109.28,35.84,778947.84,255467.52,523480.32
Europe,Luxembourg,Office Supplies,Online,H,10/31/2014,549048888,12/2/2014,4622,651.21,524.96,3009892.62,2426365.12,583527.5
Europe,Finland,Snacks,Online,H,12/3/2015,427432811,12/11/2015,5722,152.58,97.44,873062.76,557551.68,315511.08
Europe,Andorra,Office Supplies,Online,H,3/31/2014,582836139,4/5/2014,3020,651.21,524.96,1966654.2,1585379.2,381275
Europe,Netherlands,Clothes,Offline,H,4/8/2012,719730079,5/6/2012,2979,109.28,35.84,325545.12,106767.36,218777.76
Europe,Bulgaria,Household,Online,H,4/21/2012,837608659,5/2/2012,5871,668.27,502.54,3923413.17,2950412.34,973000.83
Europe,Norway,Meat,Online,L,2/26/2017,930670154,3/15/2017,4835,421.89,364.69,2039838.15,1763276.15,276562
Europe,Portugal,Clothes,Offline,H,2/15/2012,684853637,4/3/2012,2265,109.28,35.84,247519.2,81177.6,166341.6
Europe,Montenegro,Cereal,Offline,H,6/20/2013,930457293,7/26/2013,1845,205.7,117.11,379516.5,216067.95,163448.55
Europe,Estonia,Office Supplies,Offline,H,3/7/2013,343185698,4/25/2013,5129,651.21,524.96,3340056.09,2692519.84,647536.25
Europe,France,Cosmetics,Online,M,7/26/2016,174935233,7/29/2016,6078,437.2,263.33,2657301.6,1600519.74,1056781.86
Europe,Romania,Fruits,Offline,M,10/9/2011,904812800,11/24/2011,3069,9.33,6.92,28633.77,21237.48,7396.29
Europe,Romania,Personal Care,Online,L,6/13/2011,438683927,7/29/2011,5177,81.73,56.67,423116.21,293380.59,129735.62
Europe,Iceland,Fruits,Offline,H,8/13/2011,303534495,8/18/2011,1457,9.33,6.92,13593.81,10082.44,3511.37
Europe,Liechtenstein,Baby Food,Online,M,11/26/2013,775008904,1/2/2014,1212,255.28,159.42,309399.36,193217.04,116182.32
Europe,Greece,Fruits,Online,M,8/16/2014,471348512,10/1/2014,1354,9.33,6.92,12632.82,9369.68,3263.14
Europe,Malta,Baby Food,Offline,C,12/23/2012,302442729,1/17/2013,8379,255.28,159.42,2138991.12,1335780.18,803210.94
Europe,Macedonia,Vegetables,Online,C,4/12/2012,987050187,4/25/2012,8940,154.06,90.93,1377296.4,812914.2,564382.2
Europe,Bulgaria,Office Supplies,Online,H,11/2/2015,641537463,12/14/2015,4047,651.21,524.96,2635446.87,2124513.12,510933.75
Europe,Czech Republic,Household,Offline,L,5/15/2015,512662255,6/22/2015,7009,668.27,502.54,4683904.43,3522302.86,1161601.57
Europe,Germany,Clothes,Offline,L,11/7/2010,379900634,12/2/2010,9895,109.28,35.84,1081325.6,354636.8,726688.8
Europe,Georgia,Cereal,Online,H,6/14/2014,243144452,7/16/2014,701,205.7,117.11,144195.7,82094.11,62101.59
Europe,Malta,Cosmetics,Online,H,6/15/2010,998043382,7/3/2010,2070,437.2,263.33,905004,545093.1,359910.9
Europe,Spain,Fruits,Offline,L,10/24/2015,446045196,11/1/2015,3540,9.33,6.92,33028.2,24496.8,8531.4
Europe,Lithuania,Household,Offline,M,10/14/2014,544284856,10/25/2014,4839,668.27,502.54,3233758.53,2431791.06,801967.47
Europe,Romania,Vegetables,Offline,H,11/6/2014,606118571,11/18/2014,2809,154.06,90.93,432754.54,255422.37,177332.17
Europe,Portugal,Snacks,Online,C,10/7/2010,583654105,10/19/2010,5075,152.58,97.44,774343.5,494508,279835.5
Europe,Moldova ,Baby Food,Online,C,1/27/2014,608451879,3/1/2014,3287,255.28,159.42,839105.36,524013.54,315091.82
Europe,Romania,Beverages,Online,M,5/10/2015,910886180,6/10/2015,317,47.45,31.79,15041.65,10077.43,4964.22
Europe,Vatican City,Snacks,Offline,L,11/5/2011,820195758,11/24/2011,3006,152.58,97.44,458655.48,292904.64,165750.84
Europe,Lithuania,Clothes,Online,H,6/28/2016,378216636,8/8/2016,1562,109.28,35.84,170695.36,55982.08,114713.28
Europe,Denmark,Clothes,Online,C,7/21/2014,539002406,7/23/2014,1645,109.28,35.84,179765.6,58956.8,120808.8
Europe,Serbia,Office Supplies,Online,M,5/31/2015,659193694,6/11/2015,8918,651.21,524.96,5807490.78,4681593.28,1125897.5
Europe,Andorra,Beverages,Online,H,3/11/2015,320431125,4/17/2015,1545,47.45,31.79,73310.25,49115.55,24194.7
Europe,Liechtenstein,Vegetables,Offline,L,11/28/2011,229355323,12/10/2011,192,154.06,90.93,29579.52,17458.56,12120.96
Europe,Macedonia,Beverages,Offline,L,7/5/2017,949732291,8/14/2017,5745,47.45,31.79,272600.25,182633.55,89966.7
Europe,San Marino,Household,Online,C,8/12/2014,871147000,8/25/2014,611,668.27,502.54,408312.97,307051.94,101261.03
Europe,Cyprus,Baby Food,Online,M,1/18/2010,806197631,2/18/2010,649,255.28,159.42,165676.72,103463.58,62213.14
Europe,Lithuania,Beverages,Offline,H,7/5/2015,926280772,7/21/2015,5919,47.45,31.79,280856.55,188165.01,92691.54
Europe,Greece,Vegetables,Offline,L,1/8/2011,936547410,1/12/2011,4046,154.06,90.93,623326.76,367902.78,255423.98
Europe,Slovenia,Cosmetics,Online,H,10/29/2013,498201072,11/7/2013,7623,437.2,263.33,3332775.6,2007364.59,1325411.01
Europe,Cyprus,Snacks,Offline,H,7/27/2015,842725884,8/11/2015,171,152.58,97.44,26091.18,16662.24,9428.94
Europe,Latvia,Office Supplies,Online,L,5/1/2017,343730294,5/28/2017,6287,651.21,524.96,4094157.27,3300423.52,793733.75
Europe,Georgia,Vegetables,Online,C,2/26/2015,636907756,4/1/2015,4013,154.06,90.93,618242.78,364902.09,253340.69
Europe,Czech Republic,Cereal,Online,H,2/16/2013,444806230,4/1/2013,6903,205.7,117.11,1419947.1,808410.33,611536.77
Europe,Latvia,Snacks,Online,M,3/18/2017,517097985,4/14/2017,9640,152.58,97.44,1470871.2,939321.6,531549.6
Europe,Netherlands,Beverages,Offline,M,10/27/2015,642953670,12/9/2015,3134,47.45,31.79,148708.3,99629.86,49078.44
Europe,Serbia,Snacks,Offline,M,8/18/2014,265191352,9/26/2014,4869,152.58,97.44,742912.02,474435.36,268476.66
Europe,Latvia,Office Supplies,Online,L,6/16/2013,129127395,6/20/2013,520,651.21,524.96,338629.2,272979.2,65650
Europe,Serbia,Vegetables,Offline,M,6/25/2011,392518174,7/3/2011,3705,154.06,90.93,570792.3,336895.65,233896.65
Europe,Malta,Fruits,Online,C,11/21/2016,121380746,12/18/2016,8115,9.33,6.92,75712.95,56155.8,19557.15
Europe,Russia,Clothes,Offline,M,5/8/2014,745467269,6/23/2014,9186,109.28,35.84,1003846.08,329226.24,674619.84
Europe,Bulgaria,Meat,Offline,H,4/7/2012,948518216,5/4/2012,6473,421.89,364.69,2730893.97,2360638.37,370255.6
Europe,Finland,Office Supplies,Offline,L,4/17/2017,163744628,5/1/2017,4529,651.21,524.96,2949330.09,2377543.84,571786.25
Europe,Greece,Household,Offline,M,1/23/2012,706301438,2/11/2012,9146,668.27,502.54,6111997.42,4596230.84,1515766.58
Europe,Montenegro,Clothes,Online,C,3/9/2014,234082448,3/9/2014,9053,109.28,35.84,989311.84,324459.52,664852.32
Europe,Romania,Meat,Offline,L,8/22/2012,161607444,10/3/2012,2089,421.89,364.69,881328.21,761837.41,119490.8
Europe,Lithuania,Meat,Offline,C,7/6/2014,764483058,8/5/2014,6380,421.89,364.69,2691658.2,2326722.2,364936
Europe,Iceland,Baby Food,Offline,M,8/5/2014,828993833,9/2/2014,6552,255.28,159.42,1672594.56,1044519.84,628074.72
Europe,Bosnia and Herzegovina,Meat,Offline,C,12/9/2015,498946940,1/11/2016,8342,421.89,364.69,3519406.38,3042243.98,477162.4
Europe,Switzerland,Personal Care,Offline,M,8/2/2014,287151563,8/11/2014,3383,81.73,56.67,276492.59,191714.61,84777.98
Europe,Croatia,Office Supplies,Online,C,5/22/2013,259006392,6/6/2013,4602,651.21,524.96,2996868.42,2415865.92,581002.5
Europe,United Kingdom,Vegetables,Online,C,9/30/2012,556647908,10/29/2012,3341,154.06,90.93,514714.46,303797.13,210917.33
Europe,Ireland,Vegetables,Offline,M,4/9/2011,923922574,5/23/2011,8076,154.06,90.93,1244188.56,734350.68,509837.88
Europe,San Marino,Snacks,Offline,C,1/4/2017,742100560,1/17/2017,2902,152.58,97.44,442787.16,282770.88,160016.28
Europe,France,Fruits,Offline,H,2/12/2014,605029380,2/18/2014,493,9.33,6.92,4599.69,3411.56,1188.13
Europe,Cyprus,Meat,Online,L,6/11/2017,333304440,7/5/2017,1046,421.89,364.69,441296.94,381465.74,59831.2
Europe,Russia,Cosmetics,Offline,H,9/3/2014,486345708,10/11/2014,9357,437.2,263.33,4090880.4,2463978.81,1626901.59
Europe,Malta,Beverages,Online,M,4/30/2016,180358016,5/16/2016,800,47.45,31.79,37960,25432,12528
Europe,Georgia,Clothes,Online,H,7/18/2012,141846215,8/16/2012,4302,109.28,35.84,470122.56,154183.68,315938.88
Europe,Moldova ,Baby Food,Offline,C,6/9/2017,252541625,7/5/2017,1534,255.28,159.42,391599.52,244550.28,147049.24
Europe,Montenegro,Cosmetics,Offline,C,3/29/2014,614597785,5/14/2014,1997,437.2,263.33,873088.4,525870.01,347218.39
Europe,Sweden,Personal Care,Offline,H,5/17/2011,861976850,5/25/2011,6960,81.73,56.67,568840.8,394423.2,174417.6
Europe,Czech Republic,Clothes,Offline,L,8/21/2012,631463515,9/25/2012,2942,109.28,35.84,321501.76,105441.28,216060.48
Europe,Moldova ,Fruits,Online,M,7/29/2013,307305467,8/10/2013,7371,9.33,6.92,68771.43,51007.32,17764.11
Europe,Cyprus,Cereal,Offline,H,7/5/2011,392676532,8/6/2011,567,205.7,117.11,116631.9,66401.37,50230.53
Europe,Luxembourg,Baby Food,Online,L,5/26/2012,111063039,7/13/2012,4876,255.28,159.42,1244745.28,777331.92,467413.36
Europe,Spain,Beverages,Online,M,12/5/2011,556263816,12/7/2011,9679,47.45,31.79,459268.55,307695.41,151573.14
Europe,Greece,Beverages,Online,M,5/25/2011,642123687,5/30/2011,7523,47.45,31.79,356966.35,239156.17,117810.18
Europe,Czech Republic,Beverages,Online,M,5/2/2010,242168128,5/3/2010,1785,47.45,31.79,84698.25,56745.15,27953.1
Europe,Croatia,Beverages,Offline,H,3/11/2017,192236125,3/22/2017,5796,47.45,31.79,275020.2,184254.84,90765.36
Europe,Greece,Snacks,Online,L,8/18/2016,957926118,9/1/2016,480,152.58,97.44,73238.4,46771.2,26467.2
Europe,Austria,Beverages,Online,H,11/14/2016,646691596,12/13/2016,9269,47.45,31.79,439814.05,294661.51,145152.54
Europe,Ukraine,Office Supplies,Offline,H,12/4/2015,115363156,1/10/2016,7376,651.21,524.96,4803324.96,3872104.96,931220
Europe,Vatican City,Household,Offline,L,3/17/2017,922564303,4/2/2017,6134,668.27,502.54,4099168.18,3082580.36,1016587.82
Europe,Bulgaria,Cereal,Offline,H,2/17/2011,928168189,3/15/2011,4448,205.7,117.11,914953.6,520905.28,394048.32
Europe,Monaco,Vegetables,Online,L,3/18/2011,346498763,4/2/2011,5539,154.06,90.93,853338.34,503661.27,349677.07
Europe,Serbia,Beverages,Offline,H,11/29/2016,797316300,11/29/2016,2466,47.45,31.79,117011.7,78394.14,38617.56
Europe,Ireland,Baby Food,Online,H,4/18/2015,497506701,5/10/2015,2144,255.28,159.42,547320.32,341796.48,205523.84
Europe,Andorra,Personal Care,Online,C,6/5/2010,245556294,6/25/2010,4419,81.73,56.67,361164.87,250424.73,110740.14
Europe,Latvia,Personal Care,Online,L,1/27/2014,716411006,2/17/2014,792,81.73,56.67,64730.16,44882.64,19847.52
Europe,Liechtenstein,Office Supplies,Online,M,11/1/2015,186597907,12/15/2015,7322,651.21,524.96,4768159.62,3843757.12,924402.5
Europe,Armenia,Vegetables,Online,L,5/15/2016,848737466,5/31/2016,9132,154.06,90.93,1406875.92,830372.76,576503.16
Europe,France,Office Supplies,Online,H,10/27/2013,130754315,11/2/2013,1962,651.21,524.96,1277674.02,1029971.52,247702.5
Europe,Netherlands,Office Supplies,Offline,M,2/2/2011,719293630,2/25/2011,3824,651.21,524.96,2490227.04,2007447.04,482780
Europe,Kosovo,Office Supplies,Offline,C,5/7/2011,616775310,5/24/2011,6375,651.21,524.96,4151463.75,3346620,804843.75
Europe,Finland,Fruits,Offline,L,9/20/2010,591287887,10/2/2010,4080,9.33,6.92,38066.4,28233.6,9832.8
Europe,Italy,Clothes,Online,M,4/18/2010,334539973,5/11/2010,6667,109.28,35.84,728569.76,238945.28,489624.48
Europe,Belarus,Snacks,Offline,C,1/16/2016,403665006,2/19/2016,2300,152.58,97.44,350934,224112,126822
Europe,Poland,Cosmetics,Offline,H,4/13/2011,892042911,5/12/2011,4175,437.2,263.33,1825310,1099402.75,725907.25
Europe,United Kingdom,Household,Online,C,7/30/2016,394356667,8/4/2016,7756,668.27,502.54,5183102.12,3897700.24,1285401.88
Europe,Norway,Fruits,Offline,M,4/29/2012,752792918,5/12/2012,7008,9.33,6.92,65384.64,48495.36,16889.28
Europe,Bosnia and Herzegovina,Vegetables,Online,C,3/2/2012,760619390,4/16/2012,3035,154.06,90.93,467572.1,275972.55,191599.55
Europe,Ukraine,Beverages,Online,M,2/19/2014,343889510,4/2/2014,3403,47.45,31.79,161472.35,108181.37,53290.98
Europe,Malta,Baby Food,Offline,L,6/25/2012,398104035,8/12/2012,6686,255.28,159.42,1706802.08,1065882.12,640919.96
Europe,Slovenia,Meat,Offline,M,9/25/2014,631460940,10/5/2014,2180,421.89,364.69,919720.2,795024.2,124696
Europe,Moldova ,Snacks,Offline,M,5/1/2010,489848029,5/20/2010,5772,152.58,97.44,880691.76,562423.68,318268.08
Europe,Vatican City,Office Supplies,Online,L,11/27/2016,797788369,11/28/2016,2162,651.21,524.96,1407916.02,1134963.52,272952.5
Europe,United Kingdom,Personal Care,Online,C,6/5/2013,430687510,6/10/2013,8860,81.73,56.67,724127.8,502096.2,222031.6
Europe,Portugal,Personal Care,Online,H,2/11/2015,667054498,2/12/2015,5104,81.73,56.67,417149.92,289243.68,127906.24
Europe,Denmark,Cereal,Online,H,9/14/2014,666921460,10/10/2014,5735,205.7,117.11,1179689.5,671625.85,508063.65
Europe,Austria,Office Supplies,Online,L,3/12/2014,861252868,3/28/2014,2717,651.21,524.96,1769337.57,1426316.32,343021.25
Europe,Vatican City,Baby Food,Online,C,5/24/2017,126948583,7/9/2017,5762,255.28,159.42,1470923.36,918578.04,552345.32
Europe,Estonia,Clothes,Offline,H,6/8/2013,353191840,7/9/2013,6169,109.28,35.84,674148.32,221096.96,453051.36
Europe,Belgium,Vegetables,Online,L,5/9/2017,259032571,5/13/2017,2349,154.06,90.93,361886.94,213594.57,148292.37
Europe,Georgia,Meat,Offline,L,8/3/2014,517514264,9/4/2014,2826,421.89,364.69,1192261.14,1030613.94,161647.2
Europe,United Kingdom,Cosmetics,Offline,H,3/2/2016,624940383,3/30/2016,2602,437.2,263.33,1137594.4,685184.66,452409.74
Europe,Malta,Cosmetics,Online,C,10/21/2011,567751824,11/21/2011,9236,437.2,263.33,4037979.2,2432115.88,1605863.32
Europe,Spain,Fruits,Offline,H,12/6/2012,262177836,1/16/2013,3103,9.33,6.92,28950.99,21472.76,7478.23
Europe,Croatia,Household,Online,L,5/25/2016,582560193,5/28/2016,1362,668.27,502.54,910183.74,684459.48,225724.26
Europe,Kosovo,Vegetables,Online,H,7/1/2014,139949357,7/14/2014,2980,154.06,90.93,459098.8,270971.4,188127.4
Europe,Albania,Clothes,Offline,H,3/9/2015,470503079,3/21/2015,1172,109.28,35.84,128076.16,42004.48,86071.68
Europe,Austria,Beverages,Offline,C,5/10/2015,413951814,5/31/2015,6395,47.45,31.79,303442.75,203297.05,100145.7
Europe,Germany,Office Supplies,Offline,L,8/19/2010,433734500,9/8/2010,532,651.21,524.96,346443.72,279278.72,67165
Europe,Ukraine,Office Supplies,Online,C,11/14/2012,624348151,12/8/2012,7347,651.21,524.96,4784439.87,3856881.12,927558.75
Europe,Poland,Clothes,Offline,M,3/12/2012,109914195,4/16/2012,4908,109.28,35.84,536346.24,175902.72,360443.52
Europe,Georgia,Snacks,Online,C,5/31/2010,947073256,6/12/2010,8878,152.58,97.44,1354605.24,865072.32,489532.92
Europe,Bosnia and Herzegovina,Personal Care,Online,L,7/24/2014,409514796,9/7/2014,3383,81.73,56.67,276492.59,191714.61,84777.98
Europe,Latvia,Office Supplies,Online,L,5/31/2010,182228696,7/12/2010,4375,651.21,524.96,2849043.75,2296700,552343.75
Europe,Bosnia and Herzegovina,Household,Online,C,2/13/2013,723893725,3/11/2013,5095,668.27,502.54,3404835.65,2560441.3,844394.35
Europe,Norway,Snacks,Offline,L,3/12/2016,392217338,3/15/2016,4681,152.58,97.44,714226.98,456116.64,258110.34
Europe,Romania,Baby Food,Offline,C,2/19/2015,108407437,3/27/2015,9025,255.28,159.42,2303902,1438765.5,865136.5
Europe,Iceland,Snacks,Offline,L,12/20/2016,358594453,2/2/2017,4922,152.58,97.44,750998.76,479599.68,271399.08
Europe,Denmark,Snacks,Offline,C,6/3/2013,784397923,6/15/2013,9631,152.58,97.44,1469497.98,938444.64,531053.34
Europe,Cyprus,Meat,Offline,M,6/9/2017,111246287,7/2/2017,9103,421.89,364.69,3840464.67,3319773.07,520691.6
Europe,Poland,Vegetables,Online,L,2/19/2016,777018630,3/19/2016,5935,154.06,90.93,914346.1,539669.55,374676.55
Europe,Moldova ,Clothes,Offline,H,9/1/2013,601588857,9/10/2013,2366,109.28,35.84,258556.48,84797.44,173759.04
Europe,Russia,Vegetables,Offline,L,3/17/2014,249039304,5/1/2014,5119,154.06,90.93,788633.14,465470.67,323162.47
Europe,Denmark,Cereal,Online,C,11/30/2015,905947482,1/18/2016,8847,205.7,117.11,1819827.9,1036072.17,783755.73
Europe,Italy,Vegetables,Online,H,7/22/2011,359893071,8/6/2011,9212,154.06,90.93,1419200.72,837647.16,581553.56
Europe,Poland,Cosmetics,Offline,M,7/20/2016,284310567,9/2/2016,2670,437.2,263.33,1167324,703091.1,464232.9
Europe,Bosnia and Herzegovina,Vegetables,Offline,M,2/6/2012,942372310,2/19/2012,7763,154.06,90.93,1195967.78,705889.59,490078.19
Europe,Macedonia,Meat,Online,C,3/16/2015,604124295,4/2/2015,2659,421.89,364.69,1121805.51,969710.71,152094.8
Europe,Kosovo,Fruits,Online,C,3/7/2015,720229613,3/11/2015,803,9.33,6.92,7491.99,5556.76,1935.23
Europe,Austria,Personal Care,Online,M,7/31/2014,967258059,8/8/2014,2009,81.73,56.67,164195.57,113850.03,50345.54
Europe,Poland,Cereal,Offline,M,6/10/2011,520390880,7/24/2011,4080,205.7,117.11,839256,477808.8,361447.2
Europe,Bosnia and Herzegovina,Fruits,Offline,L,10/15/2016,623821580,10/31/2016,1523,9.33,6.92,14209.59,10539.16,3670.43
Europe,Bulgaria,Meat,Online,C,7/20/2010,273662412,7/23/2010,1644,421.89,364.69,693587.16,599550.36,94036.8
Europe,Kosovo,Vegetables,Offline,M,3/8/2017,941061675,3/20/2017,9917,154.06,90.93,1527813.02,901752.81,626060.21
Europe,Moldova ,Meat,Online,M,12/7/2013,421456849,12/10/2013,7302,421.89,364.69,3080640.78,2662966.38,417674.4
Europe,Andorra,Cosmetics,Online,H,4/10/2012,291160714,5/26/2012,9780,437.2,263.33,4275816,2575367.4,1700448.6
Europe,Georgia,Fruits,Offline,M,1/21/2014,724085128,2/10/2014,1735,9.33,6.92,16187.55,12006.2,4181.35
Europe,Luxembourg,Vegetables,Online,M,9/30/2014,742569196,11/17/2014,1581,154.06,90.93,243568.86,143760.33,99808.53
Europe,Poland,Household,Online,M,7/29/2016,760346877,8/6/2016,2392,668.27,502.54,1598501.84,1202075.68,396426.16
Europe,Moldova ,Cosmetics,Online,M,11/5/2015,260630738,12/19/2015,5282,437.2,263.33,2309290.4,1390909.06,918381.34
Europe,Spain,Meat,Online,H,4/2/2013,462561166,5/2/2013,983,421.89,364.69,414717.87,358490.27,56227.6
Europe,Netherlands,Personal Care,Offline,H,10/2/2014,353475940,10/4/2014,240,81.73,56.67,19615.2,13600.8,6014.4
Europe,Armenia,Beverages,Online,H,6/5/2011,432031619,6/29/2011,6612,47.45,31.79,313739.4,210195.48,103543.92
Europe,Armenia,Household,Online,L,2/19/2012,104165685,3/6/2012,3796,668.27,502.54,2536752.92,1907641.84,629111.08
Europe,Ukraine,Personal Care,Online,M,2/26/2011,762117564,3/28/2011,6378,81.73,56.67,521273.94,361441.26,159832.68
Europe,Finland,Snacks,Offline,H,3/10/2013,918364179,4/11/2013,3223,152.58,97.44,491765.34,314049.12,177716.22
Europe,Georgia,Meat,Online,M,4/18/2011,913729751,5/9/2011,1793,421.89,364.69,756448.77,653889.17,102559.6
Europe,Armenia,Snacks,Online,H,2/28/2011,196346127,4/12/2011,2037,152.58,97.44,310805.46,198485.28,112320.18
Europe,Cyprus,Personal Care,Online,M,12/21/2014,553107821,1/13/2015,5751,81.73,56.67,470029.23,325909.17,144120.06
Europe,San Marino,Cereal,Online,M,5/8/2014,591774117,5/30/2014,7967,205.7,117.11,1638811.9,933015.37,705796.53
Europe,Cyprus,Personal Care,Online,C,6/2/2015,627432048,6/23/2015,9941,81.73,56.67,812477.93,563356.47,249121.46
Europe,Germany,Meat,Offline,M,1/14/2017,615290009,1/18/2017,6842,421.89,364.69,2886571.38,2495208.98,391362.4
Europe,Italy,Beverages,Online,H,8/13/2015,897317206,9/1/2015,4957,47.45,31.79,235209.65,157583.03,77626.62
Europe,Montenegro,Personal Care,Offline,L,11/14/2016,594699656,12/30/2016,3699,81.73,56.67,302319.27,209622.33,92696.94
Europe,Ukraine,Cosmetics,Offline,M,6/28/2017,574925124,7/13/2017,1975,437.2,263.33,863470,520076.75,343393.25
Europe,Ukraine,Beverages,Offline,M,3/19/2015,946421372,3/21/2015,5971,47.45,31.79,283323.95,189818.09,93505.86
Europe,Armenia,Clothes,Offline,C,2/21/2017,885998284,2/28/2017,5436,109.28,35.84,594046.08,194826.24,399219.84
Europe,Hungary,Household,Offline,L,7/17/2016,954065883,9/1/2016,8151,668.27,502.54,5447068.77,4096203.54,1350865.23
Europe,Malta,Beverages,Online,M,6/7/2015,994406735,6/30/2015,5906,47.45,31.79,280239.7,187751.74,92487.96
Europe,Austria,Personal Care,Online,M,7/9/2017,132069671,7/20/2017,1205,81.73,56.67,98484.65,68287.35,30197.3
Europe,Belarus,Household,Online,M,11/30/2013,990455090,12/14/2013,6526,668.27,502.54,4361130.02,3279576.04,1081553.98
Europe,Norway,Cereal,Offline,C,6/6/2015,445952498,7/7/2015,6109,205.7,117.11,1256621.3,715424.99,541196.31
Europe,Estonia,Office Supplies,Offline,M,4/26/2016,628055179,5/13/2016,4339,651.21,524.96,2825600.19,2277801.44,547798.75
Europe,Slovenia,Personal Care,Online,C,6/6/2010,243391644,6/27/2010,3851,81.73,56.67,314742.23,218236.17,96506.06
Europe,Ukraine,Clothes,Online,H,3/11/2015,823505389,3/30/2015,2400,109.28,35.84,262272,86016,176256
Europe,Ireland,Snacks,Online,L,12/30/2011,846413600,12/31/2011,1448,152.58,97.44,220935.84,141093.12,79842.72
Europe,Cyprus,Fruits,Offline,C,3/31/2012,850279843,4/10/2012,5556,9.33,6.92,51837.48,38447.52,13389.96
Europe,Austria,Office Supplies,Online,H,2/25/2010,268373954,2/28/2010,6672,651.21,524.96,4344873.12,3502533.12,842340
Europe,Serbia,Cosmetics,Online,H,3/25/2012,350550401,4/22/2012,4508,437.2,263.33,1970897.6,1187091.64,783805.96
Europe,San Marino,Personal Care,Online,C,5/27/2010,293178594,6/1/2010,6916,81.73,56.67,565244.68,391929.72,173314.96
Europe,Georgia,Baby Food,Online,H,7/14/2013,168960559,8/19/2013,8039,255.28,159.42,2052195.92,1281577.38,770618.54
Europe,Albania,Beverages,Offline,M,12/11/2014,270358788,1/24/2015,4028,47.45,31.79,191128.6,128050.12,63078.48
Europe,Italy,Personal Care,Offline,M,6/9/2016,589842927,7/28/2016,6485,81.73,56.67,530019.05,367504.95,162514.1
Europe,Poland,Cereal,Offline,C,2/10/2014,655328738,3/22/2014,5191,205.7,117.11,1067788.7,607918.01,459870.69
Europe,Albania,Vegetables,Online,M,8/7/2014,406564366,8/25/2014,286,154.06,90.93,44061.16,26005.98,18055.18
Europe,Spain,Clothes,Online,H,8/16/2012,374848639,9/6/2012,4897,109.28,35.84,535144.16,175508.48,359635.68
Europe,Slovakia,Fruits,Offline,L,8/14/2012,393858420,8/29/2012,314,9.33,6.92,2929.62,2172.88,756.74
Europe,Malta,Beverages,Online,C,10/21/2013,435463559,10/27/2013,2199,47.45,31.79,104342.55,69906.21,34436.34
Europe,Sweden,Vegetables,Offline,C,12/7/2016,284403264,12/27/2016,101,154.06,90.93,15560.06,9183.93,6376.13
Europe,Romania,Personal Care,Online,L,4/21/2010,917904984,4/24/2010,7338,81.73,56.67,599734.74,415844.46,183890.28
Europe,Switzerland,Vegetables,Online,C,10/4/2012,670274865,11/13/2012,8082,154.06,90.93,1245112.92,734896.26,510216.66
Europe,Luxembourg,Cosmetics,Offline,M,1/30/2015,380684268,2/23/2015,1789,437.2,263.33,782150.8,471097.37,311053.43
Europe,Romania,Personal Care,Offline,H,9/30/2014,264526593,10/7/2014,8152,81.73,56.67,666262.96,461973.84,204289.12
Europe,Ukraine,Personal Care,Offline,C,4/17/2017,485929429,5/19/2017,6171,81.73,56.67,504355.83,349710.57,154645.26
Europe,Serbia,Office Supplies,Offline,C,8/24/2014,209736573,9/24/2014,4568,651.21,524.96,2974727.28,2398017.28,576710
Europe,Belgium,Office Supplies,Offline,M,1/5/2016,233440434,2/17/2016,9067,651.21,524.96,5904521.07,4759812.32,1144708.75
Europe,Austria,Vegetables,Offline,L,5/5/2011,384483993,6/19/2011,6212,154.06,90.93,957020.72,564857.16,392163.56
Europe,Belarus,Beverages,Online,H,8/15/2010,311921012,8/26/2010,3214,47.45,31.79,152504.3,102173.06,50331.24
Europe,Switzerland,Baby Food,Online,L,9/9/2010,128003442,10/23/2010,7918,255.28,159.42,2021307.04,1262287.56,759019.48
Europe,Italy,Beverages,Offline,C,7/27/2013,981154048,8/9/2013,4141,47.45,31.79,196490.45,131642.39,64848.06
Europe,Germany,Personal Care,Online,L,12/3/2012,287917602,1/5/2013,71,81.73,56.67,5802.83,4023.57,1779.26
Europe,Cyprus,Snacks,Offline,L,12/4/2014,548343789,12/6/2014,5967,152.58,97.44,910444.86,581424.48,329020.38
Europe,Cyprus,Meat,Online,L,3/2/2016,498089492,3/22/2016,4604,421.89,364.69,1942381.56,1679032.76,263348.8
Europe,Moldova ,Snacks,Offline,C,3/1/2015,251907765,4/7/2015,3961,152.58,97.44,604369.38,385959.84,218409.54
Europe,Malta,Snacks,Online,L,5/26/2015,339999663,6/13/2015,2311,152.58,97.44,352612.38,225183.84,127428.54
Europe,Russia,Cereal,Offline,M,6/29/2012,958366000,8/3/2012,651,205.7,117.11,133910.7,76238.61,57672.09
Europe,Norway,Cereal,Online,M,11/4/2015,481114327,11/24/2015,1276,205.7,117.11,262473.2,149432.36,113040.84
Europe,Liechtenstein,Cereal,Offline,L,10/16/2014,194785726,11/13/2014,280,205.7,117.11,57596,32790.8,24805.2
Europe,Andorra,Beverages,Online,C,4/24/2016,443544518,4/28/2016,3534,47.45,31.79,167688.3,112345.86,55342.44
Europe,San Marino,Clothes,Online,H,7/30/2013,467138516,8/8/2013,5523,109.28,35.84,603553.44,197944.32,405609.12
Europe,Bosnia and Herzegovina,Vegetables,Online,H,11/27/2016,184708344,12/2/2016,8159,154.06,90.93,1256975.54,741897.87,515077.67
Europe,Bosnia and Herzegovina,Office Supplies,Offline,H,10/19/2015,640394628,11/7/2015,5856,651.21,524.96,3813485.76,3074165.76,739320
Europe,Andorra,Vegetables,Offline,L,10/15/2016,403337991,11/24/2016,5529,154.06,90.93,851797.74,502751.97,349045.77
Europe,Andorra,Vegetables,Online,C,3/3/2013,967679059,3/19/2013,6592,154.06,90.93,1015563.52,599410.56,416152.96
Europe,Macedonia,Snacks,Online,L,7/11/2017,125339686,7/24/2017,9653,152.58,97.44,1472854.74,940588.32,532266.42
Europe,Croatia,Personal Care,Offline,M,3/29/2013,396832883,3/31/2013,523,81.73,56.67,42744.79,29638.41,13106.38
Europe,Switzerland,Cosmetics,Offline,M,3/18/2014,209445178,4/20/2014,8337,437.2,263.33,3644936.4,2195382.21,1449554.19
Europe,Switzerland,Clothes,Offline,M,5/21/2011,933963048,6/24/2011,9275,109.28,35.84,1013572,332416,681156
Europe,Greece,Cereal,Online,H,5/5/2015,587598884,6/13/2015,2422,205.7,117.11,498205.4,283640.42,214564.98
Europe,Ireland,Personal Care,Online,C,10/3/2014,941524302,10/9/2014,6819,81.73,56.67,557316.87,386432.73,170884.14
Europe,Denmark,Cosmetics,Offline,M,7/22/2012,805974042,7/28/2012,4484,437.2,263.33,1960404.8,1180771.72,779633.08
Europe,Estonia,Beverages,Offline,L,2/19/2016,217859160,3/5/2016,8222,47.45,31.79,390133.9,261377.38,128756.52
Europe,Andorra,Vegetables,Offline,L,12/15/2013,727426946,2/3/2014,653,154.06,90.93,100601.18,59377.29,41223.89
Europe,Belgium,Fruits,Offline,M,5/4/2011,187103450,5/14/2011,6924,9.33,6.92,64600.92,47914.08,16686.84
Europe,Romania,Cereal,Online,H,3/14/2016,572634732,4/1/2016,4197,205.7,117.11,863322.9,491510.67,371812.23
Europe,Serbia,Vegetables,Online,C,8/31/2014,285343968,9/5/2014,8476,154.06,90.93,1305812.56,770722.68,535089.88
Europe,Slovenia,Vegetables,Offline,M,4/21/2013,886763894,5/27/2013,1997,154.06,90.93,307657.82,181587.21,126070.61
Europe,Moldova ,Beverages,Offline,C,11/4/2013,436606395,12/3/2013,389,47.45,31.79,18458.05,12366.31,6091.74
Europe,Kosovo,Cosmetics,Online,L,9/26/2010,845738112,10/23/2010,1557,437.2,263.33,680720.4,410004.81,270715.59
Europe,Belarus,Fruits,Online,C,6/24/2014,669353473,7/7/2014,5422,9.33,6.92,50587.26,37520.24,13067.02
Europe,Belgium,Cosmetics,Online,M,9/29/2015,147826898,11/5/2015,4119,437.2,263.33,1800826.8,1084656.27,716170.53
Europe,Spain,Cosmetics,Online,C,3/2/2011,832057130,4/2/2011,3050,437.2,263.33,1333460,803156.5,530303.5
Europe,Lithuania,Office Supplies,Online,H,8/23/2011,212106788,9/26/2011,5967,651.21,524.96,3885770.07,3132436.32,753333.75
Europe,Russia,Personal Care,Online,M,9/14/2014,371814954,10/8/2014,7162,81.73,56.67,585350.26,405870.54,179479.72
Europe,Ireland,Fruits,Online,L,9/19/2016,548015487,10/9/2016,8815,9.33,6.92,82243.95,60999.8,21244.15
Europe,Spain,Vegetables,Offline,M,4/14/2011,305569112,6/3/2011,3545,154.06,90.93,546142.7,322346.85,223795.85
Europe,Slovakia,Snacks,Offline,C,11/16/2016,536095750,12/26/2016,1500,152.58,97.44,228870,146160,82710
Europe,Armenia,Household,Offline,L,9/9/2015,621577537,9/16/2015,7461,668.27,502.54,4985962.47,3749450.94,1236511.53
Europe,Bulgaria,Cosmetics,Offline,H,5/6/2017,826968657,6/15/2017,7258,437.2,263.33,3173197.6,1911249.14,1261948.46
Europe,Montenegro,Household,Offline,L,11/25/2010,546544349,12/12/2010,3473,668.27,502.54,2320901.71,1745321.42,575580.29
Europe,Luxembourg,Household,Offline,C,9/5/2016,463591134,10/1/2016,5773,668.27,502.54,3857922.71,2901163.42,956759.29
Europe,Macedonia,Office Supplies,Offline,C,12/17/2015,696839892,1/2/2016,9264,651.21,524.96,6032809.44,4863229.44,1169580
Europe,United Kingdom,Personal Care,Offline,M,9/22/2011,509380948,9/27/2011,5997,81.73,56.67,490134.81,339849.99,150284.82
Europe,Russia,Clothes,Offline,M,7/28/2011,221628844,9/1/2011,3755,109.28,35.84,410346.4,134579.2,275767.2
Europe,Estonia,Beverages,Online,H,2/29/2016,650208079,3/19/2016,9875,47.45,31.79,468568.75,313926.25,154642.5
Europe,Moldova ,Meat,Offline,L,6/14/2010,229105556,8/3/2010,6280,421.89,364.69,2649469.2,2290253.2,359216
Europe,Ukraine,Office Supplies,Offline,M,3/11/2016,660481584,4/20/2016,33,651.21,524.96,21489.93,17323.68,4166.25
Europe,Kosovo,Office Supplies,Offline,H,8/3/2014,168487203,9/21/2014,7962,651.21,524.96,5184934.02,4179731.52,1005202.5
Europe,Russia,Meat,Online,M,12/20/2010,609952628,1/31/2011,7392,421.89,364.69,3118610.88,2695788.48,422822.4
Europe,Slovakia,Baby Food,Offline,H,5/30/2012,891808593,6/11/2012,4835,255.28,159.42,1234278.8,770795.7,463483.1
Europe,San Marino,Fruits,Online,L,7/10/2017,765734040,8/4/2017,6574,9.33,6.92,61335.42,45492.08,15843.34
Europe,San Marino,Cereal,Offline,L,5/18/2012,125349128,6/6/2012,2447,205.7,117.11,503347.9,286568.17,216779.73
Europe,Netherlands,Vegetables,Offline,H,3/12/2017,688698422,4/1/2017,22,154.06,90.93,3389.32,2000.46,1388.86
Europe,France,Household,Online,L,6/16/2011,367328155,7/30/2011,9419,668.27,502.54,6294435.13,4733424.26,1561010.87
Europe,Belgium,Cereal,Offline,L,11/14/2012,495450627,12/26/2012,3705,205.7,117.11,762118.5,433892.55,328225.95
Europe,Belarus,Personal Care,Online,M,7/24/2013,638856971,8/21/2013,829,81.73,56.67,67754.17,46979.43,20774.74
Europe,Slovakia,Vegetables,Offline,M,6/1/2016,936664998,7/5/2016,8843,154.06,90.93,1362352.58,804093.99,558258.59
Europe,Belgium,Cosmetics,Offline,C,5/21/2011,695059764,6/29/2011,2485,437.2,263.33,1086442,654375.05,432066.95
Europe,Belarus,Beverages,Online,H,3/8/2010,681713092,3/22/2010,2908,47.45,31.79,137984.6,92445.32,45539.28
Europe,Denmark,Beverages,Offline,H,9/26/2010,511155498,11/4/2010,1126,47.45,31.79,53428.7,35795.54,17633.16
Europe,France,Personal Care,Online,H,10/16/2010,762655293,11/11/2010,5504,81.73,56.67,449841.92,311911.68,137930.24
Europe,Romania,Personal Care,Offline,L,1/14/2015,119935786,1/27/2015,519,81.73,56.67,42417.87,29411.73,13006.14
Europe,Czech Republic,Snacks,Online,M,8/31/2010,755605590,9/11/2010,9340,152.58,97.44,1425097.2,910089.6,515007.6
Europe,Moldova ,Meat,Online,M,6/13/2010,907047402,8/1/2010,4338,421.89,364.69,1830158.82,1582025.22,248133.6
Europe,Norway,Fruits,Offline,L,8/12/2013,638937652,9/6/2013,4705,9.33,6.92,43897.65,32558.6,11339.05
Europe,France,Cereal,Offline,H,2/26/2016,449206340,4/3/2016,8993,205.7,117.11,1849860.1,1053170.23,796689.87
Europe,Romania,Beverages,Online,L,7/10/2010,864071118,7/18/2010,6700,47.45,31.79,317915,212993,104922
Europe,Russia,Office Supplies,Online,C,12/16/2010,253211104,12/27/2010,9648,651.21,524.96,6282874.08,5064814.08,1218060
Europe,Belgium,Fruits,Online,M,11/10/2013,609939754,11/30/2013,3582,9.33,6.92,33420.06,24787.44,8632.62
Europe,Lithuania,Cereal,Offline,M,2/6/2014,907691991,3/9/2014,5086,205.7,117.11,1046190.2,595621.46,450568.74
Europe,Georgia,Fruits,Offline,C,1/28/2017,460693061,2/25/2017,8169,9.33,6.92,76216.77,56529.48,19687.29
Europe,Switzerland,Office Supplies,Offline,H,4/5/2013,424541604,5/17/2013,150,651.21,524.96,97681.5,78744,18937.5
Europe,Czech Republic,Household,Online,L,8/25/2014,571161448,9/30/2014,8220,668.27,502.54,5493179.4,4130878.8,1362300.6
Europe,Netherlands,Beverages,Online,H,2/4/2011,985039174,3/10/2011,3836,47.45,31.79,182018.2,121946.44,60071.76
Europe,Romania,Clothes,Online,H,11/16/2015,522323358,11/20/2015,5944,109.28,35.84,649560.32,213032.96,436527.36
Europe,Latvia,Vegetables,Offline,M,10/5/2016,486461150,11/13/2016,3519,154.06,90.93,542137.14,319982.67,222154.47
Europe,Slovenia,Cosmetics,Online,M,1/24/2017,949912965,3/6/2017,9210,437.2,263.33,4026612,2425269.3,1601342.7
Europe,France,Fruits,Online,L,4/20/2013,103499639,6/6/2013,6698,9.33,6.92,62492.34,46350.16,16142.18
Europe,Slovakia,Personal Care,Offline,C,12/23/2016,877687728,2/7/2017,6158,81.73,56.67,503293.34,348973.86,154319.48
Europe,Greece,Baby Food,Offline,H,1/15/2015,288073384,2/16/2015,6171,255.28,159.42,1575332.88,983780.82,591552.06
Europe,Latvia,Household,Online,H,8/3/2016,607756221,8/11/2016,7426,668.27,502.54,4962573.02,3731862.04,1230710.98
Europe,Liechtenstein,Household,Online,H,2/13/2017,291179597,2/20/2017,5368,668.27,502.54,3587273.36,2697634.72,889638.64
Europe,San Marino,Fruits,Online,L,10/25/2010,875220096,11/6/2010,5930,9.33,6.92,55326.9,41035.6,14291.3
Europe,Greece,Household,Offline,C,3/11/2016,799848306,4/23/2016,1743,668.27,502.54,1164794.61,875927.22,288867.39
Europe,Czech Republic,Meat,Offline,M,12/5/2011,693583905,1/6/2012,5745,421.89,364.69,2423758.05,2095144.05,328614
Europe,Sweden,Meat,Online,C,1/18/2015,437083184,2/19/2015,1482,421.89,364.69,625240.98,540470.58,84770.4
Europe,Macedonia,Vegetables,Offline,C,7/10/2017,759594142,7/12/2017,9641,154.06,90.93,1485292.46,876656.13,608636.33
Europe,Denmark,Household,Online,L,5/16/2010,702815854,6/6/2010,7684,668.27,502.54,5134986.68,3861517.36,1273469.32
Europe,Sweden,Snacks,Online,C,6/1/2013,971899354,6/1/2013,5471,152.58,97.44,834765.18,533094.24,301670.94
Europe,Czech Republic,Office Supplies,Online,M,2/16/2010,521681344,4/3/2010,5957,651.21,524.96,3879257.97,3127186.72,752071.25
Europe,Iceland,Office Supplies,Offline,L,1/18/2012,239554154,2/13/2012,8253,651.21,524.96,5374436.13,4332494.88,1041941.25
Europe,Lithuania,Office Supplies,Online,M,4/17/2011,982566821,6/5/2011,2212,651.21,524.96,1440476.52,1161211.52,279265
Europe,United Kingdom,Cosmetics,Online,C,5/5/2017,887501180,6/20/2017,176,437.2,263.33,76947.2,46346.08,30601.12
Europe,Macedonia,Fruits,Online,H,10/25/2010,278513133,11/5/2010,7080,9.33,6.92,66056.4,48993.6,17062.8
Europe,Albania,Baby Food,Offline,L,5/18/2012,152191388,6/22/2012,5669,255.28,159.42,1447182.32,903751.98,543430.34
Europe,Croatia,Personal Care,Offline,C,5/5/2014,309655511,5/21/2014,2802,81.73,56.67,229007.46,158789.34,70218.12
Europe,Luxembourg,Meat,Offline,M,12/18/2010,469129359,1/26/2011,4657,421.89,364.69,1964741.73,1698361.33,266380.4
Europe,Armenia,Snacks,Online,L,6/16/2017,951698243,7/3/2017,7514,152.58,97.44,1146486.12,732164.16,414321.96
Europe,Malta,Snacks,Online,L,1/27/2012,981808078,1/28/2012,7683,152.58,97.44,1172272.14,748631.52,423640.62
Europe,Cyprus,Cereal,Online,M,3/27/2013,833706796,4/3/2013,1223,205.7,117.11,251571.1,143225.53,108345.57
Europe,Croatia,Office Supplies,Online,H,6/9/2010,650078475,6/18/2010,1522,651.21,524.96,991141.62,798989.12,192152.5
Europe,Sweden,Snacks,Offline,H,10/27/2012,507531726,11/11/2012,8771,152.58,97.44,1338279.18,854646.24,483632.94
Europe,Netherlands,Personal Care,Online,C,3/10/2012,544741475,3/25/2012,9963,81.73,56.67,814275.99,564603.21,249672.78
Europe,Italy,Baby Food,Online,H,1/15/2011,926826655,2/16/2011,7458,255.28,159.42,1903878.24,1188954.36,714923.88
Europe,Czech Republic,Household,Online,L,2/21/2011,759086453,2/27/2011,9405,668.27,502.54,6285079.35,4726388.7,1558690.65
Europe,Germany,Baby Food,Offline,C,11/1/2014,523899209,11/16/2014,2273,255.28,159.42,580251.44,362361.66,217889.78
Europe,Albania,Clothes,Online,M,4/7/2011,647943866,4/18/2011,9843,109.28,35.84,1075643.04,352773.12,722869.92
Europe,Romania,Cereal,Offline,C,9/29/2012,812632358,10/17/2012,4828,205.7,117.11,993119.6,565407.08,427712.52
Europe,Belarus,Cosmetics,Online,L,10/17/2014,231861150,11/1/2014,1722,437.2,263.33,752858.4,453454.26,299404.14
Europe,Andorra,Snacks,Online,M,5/3/2010,348080623,5/19/2010,3646,152.58,97.44,556306.68,355266.24,201040.44
Europe,Germany,Office Supplies,Online,L,9/11/2013,368865811,10/16/2013,4445,651.21,524.96,2894628.45,2333447.2,561181.25
Europe,Denmark,Personal Care,Online,L,2/4/2016,478840672,2/9/2016,8451,81.73,56.67,690700.23,478918.17,211782.06
Europe,Sweden,Cereal,Online,L,7/19/2010,772643411,8/25/2010,1210,205.7,117.11,248897,141703.1,107193.9
Europe,Poland,Beverages,Online,M,8/22/2013,742843854,9/4/2013,2859,47.45,31.79,135659.55,90887.61,44771.94
Europe,Serbia,Beverages,Offline,C,12/23/2012,308582627,2/9/2013,5312,47.45,31.79,252054.4,168868.48,83185.92
Europe,Latvia,Personal Care,Online,L,3/29/2011,140499961,4/30/2011,5915,81.73,56.67,483432.95,335203.05,148229.9
Europe,Liechtenstein,Cereal,Online,M,12/13/2010,856648051,12/23/2010,50,205.7,117.11,10285,5855.5,4429.5
Europe,Slovakia,Cosmetics,Offline,H,6/13/2012,780899035,7/30/2012,4233,437.2,263.33,1850667.6,1114675.89,735991.71
Europe,Monaco,Meat,Offline,L,7/15/2013,177147090,8/17/2013,615,421.89,364.69,259462.35,224284.35,35178
Europe,Portugal,Office Supplies,Offline,C,2/17/2012,775849616,3/5/2012,9997,651.21,524.96,6510146.37,5248025.12,1262121.25
Europe,Macedonia,Meat,Online,C,12/14/2013,979200112,12/30/2013,5928,421.89,364.69,2500963.92,2161882.32,339081.6
Europe,Vatican City,Snacks,Offline,M,10/18/2014,429123675,11/11/2014,6086,152.58,97.44,928601.88,593019.84,335582.04
Europe,San Marino,Vegetables,Offline,L,2/19/2012,515771901,3/19/2012,7222,154.06,90.93,1112621.32,656696.46,455924.86
Europe,Ukraine,Cereal,Online,C,8/7/2012,626109397,9/15/2012,8539,205.7,117.11,1756472.3,1000002.29,756470.01
Europe,Czech Republic,Household,Offline,H,12/5/2012,574247491,12/17/2012,1448,668.27,502.54,967654.96,727677.92,239977.04
Europe,Russia,Snacks,Online,M,1/5/2013,941933286,2/8/2013,7846,152.58,97.44,1197142.68,764514.24,432628.44
Europe,France,Cereal,Offline,L,8/28/2010,797718417,10/15/2010,1462,205.7,117.11,300733.4,171214.82,129518.58
Europe,Estonia,Cereal,Online,C,10/14/2013,220607459,10/17/2013,1504,205.7,117.11,309372.8,176133.44,133239.36
Europe,Ireland,Baby Food,Offline,L,7/19/2010,629301440,7/29/2010,3135,255.28,159.42,800302.8,499781.7,300521.1
Europe,Macedonia,Clothes,Offline,H,8/1/2016,431432092,9/13/2016,9198,109.28,35.84,1005157.44,329656.32,675501.12
Europe,Andorra,Baby Food,Online,H,9/27/2010,442318427,10/8/2010,707,255.28,159.42,180482.96,112709.94,67773.02
Europe,Austria,Cosmetics,Offline,L,7/24/2010,540982520,9/1/2010,7604,437.2,263.33,3324468.8,2002361.32,1322107.48
Europe,Iceland,Clothes,Offline,C,11/11/2010,563939225,12/19/2010,1004,109.28,35.84,109717.12,35983.36,73733.76
Europe,Austria,Cereal,Online,H,12/24/2015,323293578,2/2/2016,8609,205.7,117.11,1770871.3,1008199.99,762671.31
Europe,Estonia,Snacks,Online,L,7/22/2015,507040774,7/25/2015,3488,152.58,97.44,532199.04,339870.72,192328.32
Europe,Greece,Office Supplies,Offline,M,4/2/2013,516599738,5/9/2013,2197,651.21,524.96,1430708.37,1153337.12,277371.25
Europe,Belarus,Clothes,Online,H,7/22/2016,383611094,8/26/2016,7902,109.28,35.84,863530.56,283207.68,580322.88
Europe,San Marino,Baby Food,Offline,M,6/3/2016,412416303,6/11/2016,2004,255.28,159.42,511581.12,319477.68,192103.44
Europe,Croatia,Cosmetics,Offline,M,2/15/2012,364715468,2/19/2012,6267,437.2,263.33,2739932.4,1650289.11,1089643.29
Europe,Netherlands,Personal Care,Offline,H,5/8/2010,392752492,6/3/2010,3045,81.73,56.67,248867.85,172560.15,76307.7
Europe,Hungary,Fruits,Offline,H,1/4/2014,633992946,1/6/2014,1456,9.33,6.92,13584.48,10075.52,3508.96
Europe,San Marino,Clothes,Online,C,10/30/2011,937875640,11/30/2011,7098,109.28,35.84,775669.44,254392.32,521277.12
Europe,Belarus,Vegetables,Online,C,8/12/2016,614054477,8/16/2016,1220,154.06,90.93,187953.2,110934.6,77018.6
Europe,Sweden,Baby Food,Offline,H,3/29/2011,369170081,4/3/2011,4486,255.28,159.42,1145186.08,715158.12,430027.96
Europe,Albania,Clothes,Offline,C,1/16/2016,357930982,3/5/2016,8586,109.28,35.84,938278.08,307722.24,630555.84
Europe,Russia,Office Supplies,Offline,M,3/15/2013,586812674,3/31/2013,9766,651.21,524.96,6359716.86,5126759.36,1232957.5
Europe,Sweden,Fruits,Online,L,4/11/2016,311221492,5/7/2016,6210,9.33,6.92,57939.3,42973.2,14966.1
Europe,Sweden,Snacks,Online,M,5/28/2012,274989354,7/10/2012,4316,152.58,97.44,658535.28,420551.04,237984.24
Europe,Cyprus,Office Supplies,Offline,L,5/8/2013,897785842,5/12/2013,3636,651.21,524.96,2367799.56,1908754.56,459045
Europe,Romania,Meat,Online,H,5/22/2017,929812705,5/25/2017,1097,421.89,364.69,462813.33,400064.93,62748.4
Europe,Ukraine,Cosmetics,Online,H,1/29/2012,202047002,3/6/2012,9053,437.2,263.33,3957971.6,2383926.49,1574045.11
Europe,Kosovo,Fruits,Online,L,8/27/2011,919922006,9/18/2011,4219,9.33,6.92,39363.27,29195.48,10167.79
Europe,Moldova ,Beverages,Offline,H,6/17/2013,243226420,7/3/2013,4958,47.45,31.79,235257.1,157614.82,77642.28
Europe,United Kingdom,Clothes,Online,M,11/13/2016,249765861,11/24/2016,123,109.28,35.84,13441.44,4408.32,9033.12
Europe,Romania,Beverages,Online,H,5/31/2016,253055322,6/12/2016,3548,47.45,31.79,168352.6,112790.92,55561.68
Europe,Montenegro,Beverages,Offline,C,8/6/2016,243340575,9/4/2016,8739,47.45,31.79,414665.55,277812.81,136852.74
Europe,Czech Republic,Household,Offline,H,11/6/2014,988599860,12/11/2014,7522,668.27,502.54,5026726.94,3780105.88,1246621.06
Europe,Cyprus,Snacks,Online,M,4/18/2011,581193768,4/24/2011,7006,152.58,97.44,1068975.48,682664.64,386310.84
Europe,Serbia,Cereal,Offline,C,8/11/2016,100983083,8/11/2016,1993,205.7,117.11,409960.1,233400.23,176559.87
Europe,Latvia,Personal Care,Offline,L,9/13/2012,936411798,9/17/2012,3915,81.73,56.67,319972.95,221863.05,98109.9
Europe,Bosnia and Herzegovina,Household,Offline,M,6/22/2015,261640536,8/1/2015,4104,668.27,502.54,2742580.08,2062424.16,680155.92
Europe,Finland,Baby Food,Offline,L,4/21/2017,564173543,4/26/2017,343,255.28,159.42,87561.04,54681.06,32879.98
Europe,Ukraine,Cereal,Offline,C,10/10/2011,580463349,11/8/2011,859,205.7,117.11,176696.3,100597.49,76098.81
Europe,France,Office Supplies,Offline,M,11/4/2013,428419864,12/5/2013,7813,651.21,524.96,5087903.73,4101512.48,986391.25
Europe,Portugal,Baby Food,Offline,C,1/11/2010,479171121,1/27/2010,6238,255.28,159.42,1592436.64,994461.96,597974.68
Europe,Lithuania,Personal Care,Online,H,5/13/2015,120419871,6/26/2015,3771,81.73,56.67,308203.83,213702.57,94501.26
Europe,Italy,Clothes,Offline,M,9/11/2012,602301251,9/27/2012,3180,109.28,35.84,347510.4,113971.2,233539.2
Europe,Denmark,Baby Food,Online,M,12/9/2012,471484124,1/24/2013,1485,255.28,159.42,379090.8,236738.7,142352.1
Europe,Hungary,Snacks,Offline,M,2/1/2017,291611325,2/10/2017,3126,152.58,97.44,476965.08,304597.44,172367.64
Europe,Slovenia,Vegetables,Offline,M,2/10/2013,691383635,3/19/2013,4637,154.06,90.93,714376.22,421642.41,292733.81
Europe,Kosovo,Snacks,Online,H,2/5/2013,783913838,3/9/2013,6380,152.58,97.44,973460.4,621667.2,351793.2
Europe,Macedonia,Clothes,Online,C,3/14/2013,799109733,4/29/2013,3183,109.28,35.84,347838.24,114078.72,233759.52
Europe,Denmark,Beverages,Online,L,11/21/2016,223199975,1/4/2017,8687,47.45,31.79,412198.15,276159.73,136038.42
Europe,Georgia,Cereal,Offline,H,11/30/2016,391849982,12/11/2016,5972,205.7,117.11,1228440.4,699380.92,529059.48
Europe,Croatia,Clothes,Online,H,1/13/2014,906508815,1/23/2014,4958,109.28,35.84,541810.24,177694.72,364115.52
Europe,Greece,Cereal,Offline,M,10/10/2013,524844634,10/13/2013,2045,205.7,117.11,420656.5,239489.95,181166.55
Europe,Iceland,Fruits,Online,H,10/21/2014,640476596,10/24/2014,112,9.33,6.92,1044.96,775.04,269.92
Europe,Ukraine,Meat,Online,M,8/20/2012,733636796,9/15/2012,8286,421.89,364.69,3495780.54,3021821.34,473959.2
Europe,Bosnia and Herzegovina,Snacks,Online,L,12/24/2012,183778369,1/7/2013,2958,152.58,97.44,451331.64,288227.52,163104.12
Europe,Luxembourg,Snacks,Offline,M,4/22/2017,594991052,6/6/2017,9929,152.58,97.44,1514966.82,967481.76,547485.06
Europe,Albania,Office Supplies,Online,H,7/13/2015,246922719,7/29/2015,8775,651.21,524.96,5714367.75,4606524,1107843.75
Europe,Slovakia,Snacks,Offline,L,10/10/2013,315066277,11/28/2013,3968,152.58,97.44,605437.44,386641.92,218795.52
Europe,Sweden,Household,Offline,C,10/9/2010,766118133,10/10/2010,235,668.27,502.54,157043.45,118096.9,38946.55
Europe,Russia,Clothes,Offline,L,7/9/2010,138820683,7/9/2010,8980,109.28,35.84,981334.4,321843.2,659491.2
Europe,Luxembourg,Cereal,Online,M,12/18/2012,733648812,12/24/2012,1842,205.7,117.11,378899.4,215716.62,163182.78
Europe,Kosovo,Office Supplies,Online,C,2/16/2015,580782210,2/20/2015,5217,651.21,524.96,3397362.57,2738716.32,658646.25
Europe,Hungary,Baby Food,Offline,C,1/1/2010,279703605,1/10/2010,9367,255.28,159.42,2391207.76,1493287.14,897920.62
Europe,Poland,Baby Food,Offline,H,2/20/2016,645956456,4/8/2016,1725,255.28,159.42,440358,274999.5,165358.5
Europe,Montenegro,Clothes,Offline,M,11/19/2011,526350104,12/4/2011,7547,109.28,35.84,824736.16,270484.48,554251.68
Europe,Andorra,Meat,Online,L,2/26/2015,212903726,2/26/2015,1798,421.89,364.69,758558.22,655712.62,102845.6
Europe,Finland,Vegetables,Online,C,6/21/2017,680325210,7/23/2017,2203,154.06,90.93,339394.18,200318.79,139075.39
Europe,Slovenia,Beverages,Online,M,2/3/2011,263882005,2/27/2011,7404,47.45,31.79,351319.8,235373.16,115946.64
Europe,Slovenia,Fruits,Offline,L,5/28/2016,295168149,7/16/2016,5669,9.33,6.92,52891.77,39229.48,13662.29
Europe,Greece,Meat,Offline,C,9/12/2016,645111024,9/26/2016,1543,421.89,364.69,650976.27,562716.67,88259.6
Europe,Switzerland,Baby Food,Offline,M,8/11/2014,850562655,9/25/2014,9246,255.28,159.42,2360318.88,1473997.32,886321.56
Europe,Ireland,Personal Care,Offline,L,1/5/2014,702357947,2/4/2014,2179,81.73,56.67,178089.67,123483.93,54605.74
Europe,Montenegro,Clothes,Online,L,5/13/2017,102230632,6/13/2017,1171,109.28,35.84,127966.88,41968.64,85998.24
Europe,Armenia,Clothes,Online,L,1/3/2010,231450879,2/22/2010,313,109.28,35.84,34204.64,11217.92,22986.72
Europe,Poland,Clothes,Online,M,10/1/2010,880176818,10/15/2010,2735,109.28,35.84,298880.8,98022.4,200858.4
Europe,Italy,Clothes,Online,H,6/10/2011,755318915,6/25/2011,4507,109.28,35.84,492524.96,161530.88,330994.08
Europe,Andorra,Beverages,Online,H,11/25/2012,378873240,11/28/2012,5866,47.45,31.79,278341.7,186480.14,91861.56
Europe,Cyprus,Fruits,Online,L,11/27/2011,264856183,12/23/2011,5685,9.33,6.92,53041.05,39340.2,13700.85
Europe,Czech Republic,Cereal,Online,C,8/2/2014,118659913,8/17/2014,2960,205.7,117.11,608872,346645.6,262226.4
Europe,San Marino,Baby Food,Online,L,10/18/2012,667324435,10/31/2012,4985,255.28,159.42,1272570.8,794708.7,477862.1
Europe,Poland,Baby Food,Online,C,9/26/2011,685233008,10/17/2011,4529,255.28,159.42,1156163.12,722013.18,434149.94
Europe,Monaco,Beverages,Online,H,3/14/2013,757468974,3/23/2013,757,47.45,31.79,35919.65,24065.03,11854.62
Europe,Belgium,Meat,Online,H,9/23/2015,512714612,10/9/2015,2502,421.89,364.69,1055568.78,912454.38,143114.4
Europe,Georgia,Meat,Offline,M,2/11/2010,516485583,3/6/2010,8416,421.89,364.69,3550626.24,3069231.04,481395.2
Europe,Kosovo,Vegetables,Online,H,11/7/2014,491547477,11/7/2014,8676,154.06,90.93,1336624.56,788908.68,547715.88
Europe,Bulgaria,Fruits,Offline,C,10/8/2013,911891257,11/1/2013,7742,9.33,6.92,72232.86,53574.64,18658.22
Europe,Russia,Snacks,Offline,L,11/29/2015,214033257,12/3/2015,6052,152.58,97.44,923414.16,589706.88,333707.28
Europe,Ukraine,Cereal,Online,H,12/14/2015,504024684,1/14/2016,959,205.7,117.11,197266.3,112308.49,84957.81
Europe,Lithuania,Vegetables,Online,L,7/17/2016,386601865,7/26/2016,2938,154.06,90.93,452628.28,267152.34,185475.94
Europe,Sweden,Cosmetics,Offline,C,1/16/2010,336813628,2/23/2010,9492,437.2,263.33,4149902.4,2499528.36,1650374.04
Europe,Belgium,Fruits,Online,C,7/24/2015,309188163,8/12/2015,4503,9.33,6.92,42012.99,31160.76,10852.23
Europe,Kosovo,Office Supplies,Offline,M,8/1/2012,760280358,8/21/2012,2708,651.21,524.96,1763476.68,1421591.68,341885
Europe,Slovakia,Beverages,Offline,M,9/15/2015,495593106,10/8/2015,5868,47.45,31.79,278436.6,186543.72,91892.88
Europe,Cyprus,Clothes,Offline,L,1/9/2013,209598815,1/11/2013,3802,109.28,35.84,415482.56,136263.68,279218.88
Europe,Georgia,Meat,Online,H,8/23/2012,483438193,9/26/2012,8959,421.89,364.69,3779712.51,3267257.71,512454.8
Europe,Switzerland,Vegetables,Online,L,10/15/2016,819037473,10/15/2016,244,154.06,90.93,37590.64,22186.92,15403.72
Europe,Liechtenstein,Fruits,Offline,H,4/26/2011,974420630,6/15/2011,1573,9.33,6.92,14676.09,10885.16,3790.93
Europe,Russia,Beverages,Offline,L,8/7/2012,534641349,8/27/2012,1111,47.45,31.79,52716.95,35318.69,17398.26
Europe,Belgium,Snacks,Online,L,8/5/2013,921133935,8/11/2013,2856,152.58,97.44,435768.48,278288.64,157479.84
Europe,San Marino,Meat,Offline,L,3/23/2012,456934964,5/5/2012,6065,421.89,364.69,2558762.85,2211844.85,346918
Europe,Bulgaria,Fruits,Online,L,8/31/2010,468803632,10/2/2010,8267,9.33,6.92,77131.11,57207.64,19923.47
Europe,Finland,Baby Food,Online,M,10/13/2010,646981704,11/23/2010,5118,255.28,159.42,1306523.04,815911.56,490611.48
Europe,Finland,Vegetables,Online,L,8/22/2015,972452533,10/4/2015,9169,154.06,90.93,1412576.14,833737.17,578838.97
Europe,Austria,Personal Care,Offline,M,5/10/2010,535740411,6/7/2010,6348,81.73,56.67,518822.04,359741.16,159080.88
Europe,Ireland,Personal Care,Offline,H,2/26/2017,309285581,4/17/2017,3331,81.73,56.67,272242.63,188767.77,83474.86
Europe,Andorra,Baby Food,Offline,C,3/7/2013,380733191,4/13/2013,6267,255.28,159.42,1599839.76,999085.14,600754.62
Europe,Kosovo,Fruits,Online,L,6/11/2012,989102828,7/8/2012,6362,9.33,6.92,59357.46,44025.04,15332.42
Europe,Latvia,Beverages,Online,M,5/2/2012,862326610,5/28/2012,461,47.45,31.79,21874.45,14655.19,7219.26
Europe,Sweden,Meat,Online,H,1/4/2013,152411115,2/21/2013,691,421.89,364.69,291525.99,252000.79,39525.2
Europe,Ukraine,Office Supplies,Offline,C,9/16/2016,862485826,10/27/2016,7577,651.21,524.96,4934218.17,3977621.92,956596.25
Europe,Vatican City,Fruits,Offline,M,7/25/2016,299739491,9/1/2016,8431,9.33,6.92,78661.23,58342.52,20318.71
Europe,France,Meat,Offline,L,7/17/2011,633312737,8/11/2011,167,421.89,364.69,70455.63,60903.23,9552.4
Europe,Norway,Office Supplies,Offline,C,12/14/2012,884192836,1/15/2013,1164,651.21,524.96,758008.44,611053.44,146955
Europe,Iceland,Meat,Online,M,7/9/2015,578356206,7/15/2015,7309,421.89,364.69,3083594.01,2665519.21,418074.8
Europe,Luxembourg,Personal Care,Online,L,5/17/2011,194858253,5/22/2011,1742,81.73,56.67,142373.66,98719.14,43654.52
Europe,Macedonia,Cereal,Offline,L,11/28/2010,988614022,1/11/2011,1713,205.7,117.11,352364.1,200609.43,151754.67
Europe,Russia,Cereal,Online,L,1/10/2014,279338395,2/24/2014,1293,205.7,117.11,265970.1,151423.23,114546.87
Europe,Estonia,Baby Food,Offline,M,1/2/2014,123086202,2/20/2014,2797,255.28,159.42,714018.16,445897.74,268120.42
Europe,Luxembourg,Meat,Online,M,12/19/2015,216278588,12/19/2015,495,421.89,364.69,208835.55,180521.55,28314
Europe,Romania,Baby Food,Offline,H,6/23/2015,693831098,7/14/2015,8895,255.28,159.42,2270715.6,1418040.9,852674.7
Europe,Macedonia,Cereal,Online,C,9/1/2010,963219296,9/18/2010,6850,205.7,117.11,1409045,802203.5,606841.5
Europe,Austria,Vegetables,Offline,M,11/12/2016,468320834,12/21/2016,5397,154.06,90.93,831461.82,490749.21,340712.61
Europe,Iceland,Cereal,Online,M,6/15/2010,203955876,7/18/2010,3931,205.7,117.11,808606.7,460359.41,348247.29
Europe,Moldova ,Snacks,Offline,H,1/11/2016,583451974,2/5/2016,5260,152.58,97.44,802570.8,512534.4,290036.4
Europe,Luxembourg,Clothes,Online,M,1/30/2013,250848186,3/7/2013,407,109.28,35.84,44476.96,14586.88,29890.08
Europe,Albania,Meat,Online,C,11/12/2010,863138997,12/21/2010,865,421.89,364.69,364934.85,315456.85,49478
Europe,Serbia,Household,Online,M,9/23/2013,266614854,10/10/2013,6115,668.27,502.54,4086471.05,3073032.1,1013438.95
Europe,Andorra,Household,Offline,L,8/14/2016,834065997,9/14/2016,7518,668.27,502.54,5024053.86,3778095.72,1245958.14
Europe,Lithuania,Fruits,Offline,M,4/14/2010,879845082,5/1/2010,4567,9.33,6.92,42610.11,31603.64,11006.47
Europe,Slovakia,Cosmetics,Offline,M,11/27/2011,146545875,1/7/2012,5036,437.2,263.33,2201739.2,1326129.88,875609.32
Europe,Romania,Baby Food,Offline,C,8/30/2014,414359509,9/11/2014,7042,255.28,159.42,1797681.76,1122635.64,675046.12
Europe,Malta,Baby Food,Offline,L,8/21/2011,276850593,9/3/2011,5097,255.28,159.42,1301162.16,812563.74,488598.42
Europe,Andorra,Cereal,Online,L,4/5/2011,556947886,5/17/2011,2111,205.7,117.11,434232.7,247219.21,187013.49
Europe,United Kingdom,Household,Online,C,3/23/2012,548403012,4/4/2012,3493,668.27,502.54,2334267.11,1755372.22,578894.89
Europe,United Kingdom,Vegetables,Online,L,9/7/2010,652252137,9/26/2010,4757,154.06,90.93,732863.42,432554.01,300309.41
Europe,Malta,Cosmetics,Online,M,3/29/2014,284108436,4/3/2014,2854,437.2,263.33,1247768.8,751543.82,496224.98
Europe,Norway,Vegetables,Offline,H,7/5/2012,416682088,8/14/2012,4344,154.06,90.93,669236.64,394999.92,274236.72
Europe,Cyprus,Vegetables,Offline,M,12/8/2010,579094779,12/11/2010,5869,154.06,90.93,904178.14,533668.17,370509.97
Europe,Czech Republic,Fruits,Online,M,11/1/2012,192589318,12/16/2012,314,9.33,6.92,2929.62,2172.88,756.74
Europe,Belarus,Household,Offline,M,2/12/2015,785364806,3/21/2015,5754,668.27,502.54,3845225.58,2891615.16,953610.42
Europe,Russia,Baby Food,Offline,M,12/24/2011,450550019,1/2/2012,6618,255.28,159.42,1689443.04,1055041.56,634401.48
Europe,Bulgaria,Vegetables,Offline,C,1/26/2010,817061221,2/21/2010,5427,154.06,90.93,836083.62,493477.11,342606.51
Europe,Slovakia,Office Supplies,Online,H,2/20/2012,168319404,3/10/2012,8307,651.21,524.96,5409601.47,4360842.72,1048758.75
Europe,Croatia,Clothes,Online,C,6/9/2016,781083571,6/18/2016,8841,109.28,35.84,966144.48,316861.44,649283.04
Europe,Ukraine,Cereal,Offline,M,3/21/2011,401993882,4/11/2011,7778,205.7,117.11,1599934.6,910881.58,689053.02
Europe,France,Office Supplies,Online,L,1/19/2012,391200673,2/13/2012,3827,651.21,524.96,2492180.67,2009021.92,483158.75
Europe,San Marino,Vegetables,Offline,M,9/30/2013,408540618,11/13/2013,5102,154.06,90.93,786014.12,463924.86,322089.26
Europe,San Marino,Personal Care,Online,L,7/17/2016,239048612,7/26/2016,8651,81.73,56.67,707046.23,490252.17,216794.06
Europe,Vatican City,Cosmetics,Offline,C,5/24/2012,292424571,6/5/2012,3784,437.2,263.33,1654364.8,996440.72,657924.08
Europe,Bosnia and Herzegovina,Beverages,Online,M,8/28/2015,231341445,10/7/2015,7929,47.45,31.79,376231.05,252062.91,124168.14
Europe,Portugal,Office Supplies,Online,M,2/9/2013,533597218,2/24/2013,2130,651.21,524.96,1387077.3,1118164.8,268912.5
Europe,Romania,Meat,Offline,C,1/16/2016,682162415,2/26/2016,5873,421.89,364.69,2477759.97,2141824.37,335935.6
Europe,Iceland,Vegetables,Offline,C,2/13/2015,706176555,2/26/2015,2190,154.06,90.93,337391.4,199136.7,138254.7
Europe,Luxembourg,Office Supplies,Offline,H,9/17/2011,339786803,10/25/2011,9321,651.21,524.96,6069928.41,4893152.16,1176776.25
Europe,Malta,Personal Care,Offline,C,4/13/2017,274694526,5/11/2017,7069,81.73,56.67,577749.37,400600.23,177149.14
Europe,France,Clothes,Online,M,4/15/2014,633806264,4/26/2014,6213,109.28,35.84,678956.64,222673.92,456282.72
Europe,Spain,Personal Care,Online,C,12/8/2013,955466639,1/27/2014,2666,81.73,56.67,217892.18,151082.22,66809.96
Europe,Norway,Office Supplies,Online,L,1/30/2012,330590474,3/14/2012,7923,651.21,524.96,5159536.83,4159258.08,1000278.75
Europe,Malta,Cosmetics,Offline,C,11/26/2015,819516837,12/25/2015,2098,437.2,263.33,917245.6,552466.34,364779.26
Europe,Kosovo,Snacks,Offline,C,7/13/2011,499101436,8/28/2011,4061,152.58,97.44,619627.38,395703.84,223923.54
Europe,Andorra,Clothes,Online,C,6/20/2017,190002810,8/5/2017,4909,109.28,35.84,536455.52,175938.56,360516.96
Europe,Macedonia,Beverages,Offline,M,12/17/2015,653152501,12/22/2015,1194,47.45,31.79,56655.3,37957.26,18698.04
Europe,Austria,Vegetables,Offline,C,5/9/2014,489600837,6/9/2014,2622,154.06,90.93,403945.32,238418.46,165526.86
Europe,Montenegro,Baby Food,Online,M,1/5/2016,750959146,1/25/2016,4354,255.28,159.42,1111489.12,694114.68,417374.44
Europe,Bosnia and Herzegovina,Personal Care,Offline,L,1/12/2010,356413495,1/18/2010,9528,81.73,56.67,778723.44,539951.76,238771.68
Europe,Bosnia and Herzegovina,Office Supplies,Offline,L,11/30/2015,288656175,12/30/2015,8632,651.21,524.96,5621244.72,4531454.72,1089790
Europe,Russia,Cosmetics,Offline,C,7/28/2015,659671771,7/29/2015,391,437.2,263.33,170945.2,102962.03,67983.17
Europe,Netherlands,Clothes,Offline,H,7/26/2016,513611114,9/5/2016,7797,109.28,35.84,852056.16,279444.48,572611.68
Europe,Russia,Beverages,Offline,M,4/21/2014,543322694,6/1/2014,114,47.45,31.79,5409.3,3624.06,1785.24
Europe,Monaco,Vegetables,Offline,C,11/6/2012,671616399,12/10/2012,5072,154.06,90.93,781392.32,461196.96,320195.36
Europe,Macedonia,Beverages,Offline,L,4/30/2015,212319648,5/15/2015,8957,47.45,31.79,425009.65,284743.03,140266.62
Europe,Monaco,Household,Online,L,4/30/2014,971578347,6/16/2014,478,668.27,502.54,319433.06,240214.12,79218.94
Europe,Italy,Fruits,Offline,L,11/17/2016,704233348,11/26/2016,7152,9.33,6.92,66728.16,49491.84,17236.32
Europe,Bulgaria,Snacks,Online,C,5/31/2010,768230426,6/22/2010,5310,152.58,97.44,810199.8,517406.4,292793.4
Europe,Luxembourg,Fruits,Offline,M,12/31/2016,707661855,1/26/2017,1723,9.33,6.92,16075.59,11923.16,4152.43
Europe,Hungary,Fruits,Offline,M,9/8/2011,628595054,10/21/2011,4100,9.33,6.92,38253,28372,9881
Europe,Greece,Beverages,Offline,H,2/20/2010,795141351,2/24/2010,8850,47.45,31.79,419932.5,281341.5,138591
Europe,Belgium,Meat,Offline,M,3/22/2015,164259612,4/29/2015,6924,421.89,364.69,2921166.36,2525113.56,396052.8
Europe,Norway,Snacks,Online,H,11/15/2016,750439441,12/29/2016,562,152.58,97.44,85749.96,54761.28,30988.68
Europe,Armenia,Fruits,Offline,C,11/29/2014,362258565,12/14/2014,9214,9.33,6.92,85966.62,63760.88,22205.74
Europe,Slovakia,Cereal,Online,H,1/14/2015,209357202,1/22/2015,2303,205.7,117.11,473727.1,269704.33,204022.77
Europe,Portugal,Cosmetics,Offline,L,3/20/2014,450041043,4/16/2014,6000,437.2,263.33,2623200,1579980,1043220
Europe,Slovakia,Office Supplies,Online,H,3/15/2015,103450715,4/18/2015,2220,651.21,524.96,1445686.2,1165411.2,280275
Europe,Luxembourg,Fruits,Online,M,9/25/2016,384601581,10/19/2016,1009,9.33,6.92,9413.97,6982.28,2431.69
Europe,Denmark,Vegetables,Online,L,8/25/2015,186079490,8/29/2015,3911,154.06,90.93,602528.66,355627.23,246901.43
Europe,Bulgaria,Office Supplies,Online,M,5/22/2012,513026177,6/5/2012,4701,651.21,524.96,3061338.21,2467836.96,593501.25
Europe,Malta,Baby Food,Offline,L,3/16/2010,222720611,4/1/2010,6833,255.28,159.42,1744328.24,1089316.86,655011.38
Europe,Bosnia and Herzegovina,Household,Offline,M,3/1/2012,891681563,3/27/2012,7245,668.27,502.54,4841616.15,3640902.3,1200713.85
Europe,Kosovo,Beverages,Offline,M,6/8/2012,129169023,7/18/2012,2839,47.45,31.79,134710.55,90251.81,44458.74
Europe,France,Cereal,Online,C,9/19/2012,764811360,9/30/2012,3532,205.7,117.11,726532.4,413632.52,312899.88
Europe,Liechtenstein,Vegetables,Offline,C,10/17/2013,801925837,10/26/2013,6531,154.06,90.93,1006165.86,593863.83,412302.03
Europe,San Marino,Office Supplies,Offline,C,11/5/2013,881194770,12/5/2013,3969,651.21,524.96,2584652.49,2083566.24,501086.25
Europe,Austria,Vegetables,Offline,C,8/17/2011,917835032,10/6/2011,6637,154.06,90.93,1022496.22,603502.41,418993.81
Europe,Switzerland,Fruits,Online,H,6/8/2014,159232509,7/14/2014,9293,9.33,6.92,86703.69,64307.56,22396.13
Europe,Serbia,Vegetables,Online,L,10/31/2013,917639768,12/14/2013,8854,154.06,90.93,1364047.24,805094.22,558953.02
Europe,Lithuania,Fruits,Online,M,3/9/2011,965796363,3/19/2011,9461,9.33,6.92,88271.13,65470.12,22801.01
Europe,Bosnia and Herzegovina,Baby Food,Online,L,7/16/2016,551118266,8/15/2016,6997,255.28,159.42,1786194.16,1115461.74,670732.42
Europe,Albania,Office Supplies,Online,M,8/10/2016,849454581,9/6/2016,1342,651.21,524.96,873923.82,704496.32,169427.5
Europe,Georgia,Cereal,Offline,M,12/14/2010,962560546,1/8/2011,1911,205.7,117.11,393092.7,223797.21,169295.49
Europe,Liechtenstein,Vegetables,Offline,H,5/23/2011,927351081,6/2/2011,2647,154.06,90.93,407796.82,240691.71,167105.11
Europe,Luxembourg,Household,Online,H,10/20/2010,840781390,11/13/2010,4752,668.27,502.54,3175619.04,2388070.08,787548.96
Europe,Spain,Vegetables,Online,H,3/31/2017,722233331,4/6/2017,3747,154.06,90.93,577262.82,340714.71,236548.11
Europe,Portugal,Meat,Online,H,11/21/2011,663080108,12/10/2011,8994,421.89,364.69,3794478.66,3280021.86,514456.8
Europe,Poland,Cereal,Online,L,10/7/2011,439640080,11/2/2011,8124,205.7,117.11,1671106.8,951401.64,719705.16
Europe,Romania,Household,Offline,H,6/19/2014,765858924,7/21/2014,3530,668.27,502.54,2358993.1,1773966.2,585026.9
Europe,Austria,Cereal,Online,M,5/13/2010,123544108,6/22/2010,8302,205.7,117.11,1707721.4,972247.22,735474.18
Europe,Latvia,Snacks,Offline,M,4/7/2017,569170606,4/13/2017,9085,152.58,97.44,1386189.3,885242.4,500946.9
Europe,San Marino,Personal Care,Online,L,1/6/2012,185947310,1/27/2012,4796,81.73,56.67,391977.08,271789.32,120187.76
Europe,Poland,Vegetables,Online,H,7/19/2015,534709155,9/2/2015,1176,154.06,90.93,181174.56,106933.68,74240.88
Europe,Netherlands,Office Supplies,Online,C,8/9/2014,138182103,8/16/2014,10,651.21,524.96,6512.1,5249.6,1262.5
Europe,Bulgaria,Meat,Offline,H,9/10/2013,780590045,10/3/2013,2796,421.89,364.69,1179604.44,1019673.24,159931.2
Europe,Greece,Fruits,Online,L,7/9/2017,643448483,7/25/2017,9560,9.33,6.92,89194.8,66155.2,23039.6
Europe,Ireland,Office Supplies,Online,C,1/6/2011,144978606,2/19/2011,1246,651.21,524.96,811407.66,654100.16,157307.5
Europe,Portugal,Household,Online,M,1/4/2014,444798934,1/20/2014,4744,668.27,502.54,3170272.88,2384049.76,786223.12
Europe,Liechtenstein,Meat,Online,C,5/31/2017,543396508,6/5/2017,1957,421.89,364.69,825638.73,713698.33,111940.4
Europe,Austria,Meat,Online,H,11/6/2013,866396272,11/16/2013,4765,421.89,364.69,2010305.85,1737747.85,272558
Europe,Ireland,Cereal,Online,H,7/12/2016,946823489,8/30/2016,4966,205.7,117.11,1021506.2,581568.26,439937.94
Europe,San Marino,Cosmetics,Online,H,11/30/2012,228211200,12/3/2012,1620,437.2,263.33,708264,426594.6,281669.4
Europe,Vatican City,Cereal,Online,M,6/9/2011,547587192,7/14/2011,2073,205.7,117.11,426416.1,242769.03,183647.07
Europe,Italy,Clothes,Online,H,1/10/2010,689421546,1/31/2010,4011,109.28,35.84,438322.08,143754.24,294567.84
Europe,Croatia,Meat,Online,M,12/21/2010,530882394,2/2/2011,8753,421.89,364.69,3692803.17,3192131.57,500671.6
Europe,Slovakia,Snacks,Offline,M,6/10/2011,765552079,7/17/2011,2727,152.58,97.44,416085.66,265718.88,150366.78
Europe,Sweden,Baby Food,Offline,M,5/26/2010,469974792,6/17/2010,4840,255.28,159.42,1235555.2,771592.8,463962.4
Europe,Slovenia,Personal Care,Offline,M,11/23/2014,700304019,12/21/2014,4376,81.73,56.67,357650.48,247987.92,109662.56
Europe,Norway,Clothes,Online,H,4/14/2014,509356057,4/17/2014,8631,109.28,35.84,943195.68,309335.04,633860.64
Europe,Armenia,Baby Food,Offline,M,2/10/2010,838788402,2/26/2010,4983,255.28,159.42,1272060.24,794389.86,477670.38
Europe,Bulgaria,Office Supplies,Offline,C,2/9/2014,200507199,2/25/2014,3391,651.21,524.96,2208253.11,1780139.36,428113.75
Europe,Andorra,Meat,Online,M,10/3/2011,504973971,11/2/2011,1875,421.89,364.69,791043.75,683793.75,107250
Europe,Armenia,Cereal,Offline,H,1/20/2010,477282845,2/4/2010,7455,205.7,117.11,1533493.5,873055.05,660438.45
Europe,Slovakia,Cosmetics,Online,L,3/1/2010,161399304,3/15/2010,496,437.2,263.33,216851.2,130611.68,86239.52
Europe,Hungary,Office Supplies,Online,H,8/20/2011,204392325,9/26/2011,3086,651.21,524.96,2009634.06,1620026.56,389607.5
Europe,Latvia,Cereal,Offline,M,6/28/2010,400904691,7/12/2010,5462,205.7,117.11,1123533.4,639654.82,483878.58
Europe,Belgium,Beverages,Offline,L,12/21/2016,244023358,1/22/2017,789,47.45,31.79,37438.05,25082.31,12355.74
Europe,Moldova ,Cosmetics,Online,H,6/13/2013,830172288,7/29/2013,5283,437.2,263.33,2309727.6,1391172.39,918555.21
Europe,Moldova ,Meat,Offline,L,5/13/2016,815755307,6/9/2016,8978,421.89,364.69,3787728.42,3274186.82,513541.6
Europe,Austria,Clothes,Online,M,12/23/2015,870173251,12/30/2015,2457,109.28,35.84,268500.96,88058.88,180442.08
Europe,Greece,Baby Food,Online,M,8/19/2013,444234168,9/27/2013,7617,255.28,159.42,1944467.76,1214302.14,730165.62
Europe,Liechtenstein,Clothes,Offline,H,8/4/2016,545059049,8/8/2016,3940,109.28,35.84,430563.2,141209.6,289353.6
Europe,United Kingdom,Baby Food,Offline,M,10/7/2015,530702579,11/9/2015,5541,255.28,159.42,1414506.48,883346.22,531160.26
Europe,Iceland,Personal Care,Offline,L,11/7/2013,546140086,12/19/2013,3843,81.73,56.67,314088.39,217782.81,96305.58
Europe,Belarus,Vegetables,Offline,M,6/7/2017,215584218,6/21/2017,5016,154.06,90.93,772764.96,456104.88,316660.08
Europe,Sweden,Cereal,Online,L,5/29/2016,407220542,7/4/2016,4463,205.7,117.11,918039.1,522661.93,395377.17
Europe,Ireland,Vegetables,Online,L,4/24/2016,956969964,5/27/2016,7533,154.06,90.93,1160533.98,684975.69,475558.29
Europe,Slovenia,Fruits,Online,L,12/11/2014,399256312,1/5/2015,7670,9.33,6.92,71561.1,53076.4,18484.7
Europe,Croatia,Snacks,Offline,M,3/3/2011,488815915,4/17/2011,347,152.58,97.44,52945.26,33811.68,19133.58
Europe,Lithuania,Clothes,Offline,C,4/29/2012,530262696,5/11/2012,5370,109.28,35.84,586833.6,192460.8,394372.8
Europe,Switzerland,Cosmetics,Online,L,2/26/2016,243521249,3/28/2016,2204,437.2,263.33,963588.8,580379.32,383209.48
Europe,Iceland,Cosmetics,Online,M,1/27/2011,878614270,2/17/2011,342,437.2,263.33,149522.4,90058.86,59463.54
Europe,Denmark,Vegetables,Offline,H,5/23/2014,954341828,7/11/2014,9809,154.06,90.93,1511174.54,891932.37,619242.17
Europe,Moldova ,Beverages,Online,H,9/12/2010,607620608,9/20/2010,7296,47.45,31.79,346195.2,231939.84,114255.36
Europe,Cyprus,Personal Care,Online,L,1/2/2014,561534678,1/29/2014,9445,81.73,56.67,771939.85,535248.15,236691.7
Europe,Hungary,Vegetables,Offline,L,1/6/2014,768676316,2/8/2014,7259,154.06,90.93,1118321.54,660060.87,458260.67
Europe,Norway,Cosmetics,Offline,L,12/9/2011,337354791,1/28/2012,9634,437.2,263.33,4211984.8,2536921.22,1675063.58
Europe,Norway,Meat,Offline,M,9/12/2012,917874085,9/23/2012,8194,421.89,364.69,3456966.66,2988269.86,468696.8
Europe,Poland,Cereal,Online,C,9/8/2013,176050603,10/28/2013,6140,205.7,117.11,1262998,719055.4,543942.6
Europe,Lithuania,Meat,Offline,C,2/20/2010,930296790,3/26/2010,4348,421.89,364.69,1834377.72,1585672.12,248705.6
Europe,Romania,Cereal,Online,L,9/14/2011,273940503,10/19/2011,3937,205.7,117.11,809840.9,461062.07,348778.83
Europe,Greece,Fruits,Offline,C,5/28/2014,656244552,6/19/2014,6201,9.33,6.92,57855.33,42910.92,14944.41
Europe,Macedonia,Household,Online,C,7/28/2014,666483724,8/31/2014,6199,668.27,502.54,4142605.73,3115245.46,1027360.27
Europe,Malta,Meat,Online,H,5/15/2016,422568786,6/17/2016,6349,421.89,364.69,2678579.61,2315416.81,363162.8
Europe,Denmark,Vegetables,Online,L,8/26/2012,969195258,9/17/2012,5269,154.06,90.93,811742.14,479110.17,332631.97
Europe,Netherlands,Office Supplies,Online,C,7/29/2011,857457864,9/16/2011,9691,651.21,524.96,6310876.11,5087387.36,1223488.75
Europe,Hungary,Vegetables,Online,M,6/5/2012,495631301,7/18/2012,7171,154.06,90.93,1104764.26,652059.03,452705.23
Europe,Slovakia,Office Supplies,Offline,H,6/23/2014,224647080,7/30/2014,6918,651.21,524.96,4505070.78,3631673.28,873397.5
Europe,Armenia,Office Supplies,Offline,H,8/3/2014,883504474,9/8/2014,7462,651.21,524.96,4859329.02,3917251.52,942077.5
Europe,Austria,Office Supplies,Offline,C,4/3/2015,575552117,4/26/2015,7516,651.21,524.96,4894494.36,3945599.36,948895
Europe,Andorra,Baby Food,Offline,H,7/15/2013,141764247,8/29/2013,46,255.28,159.42,11742.88,7333.32,4409.56
Europe,Italy,Vegetables,Offline,M,4/11/2016,608374631,4/12/2016,428,154.06,90.93,65937.68,38918.04,27019.64
Europe,Portugal,Household,Online,L,1/17/2012,200432097,1/31/2012,1167,668.27,502.54,779871.09,586464.18,193406.91
Europe,Romania,Snacks,Offline,M,8/21/2010,884462773,10/5/2010,1044,152.58,97.44,159293.52,101727.36,57566.16
Europe,Czech Republic,Office Supplies,Offline,M,6/19/2010,885046851,7/19/2010,3886,651.21,524.96,2530602.06,2039994.56,490607.5
Europe,Czech Republic,Vegetables,Online,M,6/14/2012,527079236,6/20/2012,3314,154.06,90.93,510554.84,301342.02,209212.82
Europe,Denmark,Clothes,Online,C,11/9/2012,161812150,11/12/2012,2666,109.28,35.84,291340.48,95549.44,195791.04
Europe,Hungary,Cosmetics,Offline,H,6/10/2013,689349019,7/23/2013,2548,437.2,263.33,1113985.6,670964.84,443020.76
Europe,Italy,Household,Offline,M,2/22/2011,677851569,3/2/2011,198,668.27,502.54,132317.46,99502.92,32814.54
Europe,Hungary,Clothes,Offline,H,1/21/2015,538430345,3/10/2015,2359,109.28,35.84,257791.52,84546.56,173244.96
Europe,Switzerland,Beverages,Online,H,1/30/2010,797461354,2/5/2010,5391,47.45,31.79,255802.95,171379.89,84423.06
Europe,Switzerland,Cosmetics,Offline,C,9/10/2014,347609412,9/17/2014,4205,437.2,263.33,1838426,1107302.65,731123.35
Europe,Russia,Personal Care,Offline,H,11/12/2011,473845756,12/16/2011,344,81.73,56.67,28115.12,19494.48,8620.64
Europe,Belarus,Vegetables,Online,C,1/5/2011,180479466,1/12/2011,6740,154.06,90.93,1038364.4,612868.2,425496.2
Europe,Norway,Personal Care,Offline,M,1/14/2014,634033286,1/15/2014,3394,81.73,56.67,277391.62,192337.98,85053.64
Europe,Ukraine,Cereal,Offline,L,4/14/2014,559183347,5/21/2014,3633,205.7,117.11,747308.1,425460.63,321847.47
Europe,Armenia,Meat,Offline,M,11/9/2015,781416594,12/23/2015,7390,421.89,364.69,3117767.1,2695059.1,422708
Europe,Denmark,Clothes,Offline,H,5/9/2012,713357150,6/3/2012,7088,109.28,35.84,774576.64,254033.92,520542.72
Europe,Finland,Clothes,Online,L,4/22/2014,906794202,5/11/2014,9410,109.28,35.84,1028324.8,337254.4,691070.4
